3996 6202
434 249 591 313 8θθ“

1585 243 1928 306 CALLISTl
1972 202 2587 308 CATAPfIUGIOTJE

3597 253 3693 309 (Μ

402 364 530 429 ,ἀει
576 361 769 419 dii-eus
806 377 820 414 :
856 365 1074 429 tempus
1125 355 1364 421 tacendi,
1414 354 1614 412 deinde
1663 365 1877 428 tempus
1942 357 2018 410 ln-

2128 359 2307 427 φησίν.
2345 359 2602 430 Ἀριστον
2638 357 2740 428 μὲν
2796 358 2890 413 καὶ
2936 358 3001 428 δὴ
3056 360 3156 430 τῆς
3206 356 3433 429 πρώτης
3484 359 3685 429 μοίρας,

434 454 664 526 quendi.
720 450 996 521 Optimum
1065 446 1287 518 quidem
1363 456 1446 502 est
1507 448 1784 504 silentium
1864 463 2024 517 agere

437 551 831 616 opportunum.
856 540 913 596 Si
940 555 1069 595 vero
1095 540 1225 594 illud
1256 540 1495 594 nondum
1524 541 1692 606 adsit,
1714 542 1756 595 si
1783 541 2022 595 nondum

435 655 593 697 mens
634 640 700 694 ad
750 653 813 694 ea
848 653 971 708 qua:
1022 650 1187 706 supra
1235 636 1506 689 rationem
1566 644 1697 690 sunt
1733 634 2021 704 simplicia,

436 729 768 803 pervenerit,
793 729 887 784 sed
916 736 1287 799 Opportunum
1316 726 1386 780 sit
1415 725 1557 796 loqui
1580 742 1596 794 ;
1635 727 1683 779 id
1721 728 2022 781 SPClltliintn

437 825 544 892 sit;
576 824 649 878 ita
686 831 745 876 nt
775 830 1064 892 cognatum
1115 820 1186 873 sit
1219 819 1368 888 loqui
1403 828 1454 871 et
1490 819 1711 874 silentio
1760 820 2025 881 vicinum,

435 913 898 986 quemadmodum
933 912 1094 965 silere
1125 911 1566 975 commendatur,
1596 911 1670 964 ita
1701 925 1833 964 sane
1863 924 1915 966 et
1947 914 2027 965 lo-

434 1005 531 1076 qui
561 1013 868 1075 Opportnne
903 1001 1439 1069 commendeturfet
1484 1002 1551 1055 ad
1597 1002 1871 1057 silendum
1903 1019 2030 1070 pcr-

441 1095 626 1150 venire
689 1091 1017 1146 festinemus
1071 1090 1263 1143 divin
1323 1090 1603 1160 ὶαμαιιιο
1656 1102 1713 1146 et
1768 1093 2031 1148 continue

437 1183 781 1249 meditando,
837 1194 894 1239 et
944 1181 1279 1237 creationem
1326 1182 1748 1253 contemplanda
1797 1186 2027 1255 ejusque

436 1278 778 1333 conditorem
809 1274 1149 1345 aspicienda,
1185 1285 1446 1342 quantum
1483 1290 1776 1343 possumus
1808 1290 2027 1333 creatu-

438 1384 668 1436 ramqne
702 1368 866 1421 Deum
900 1376 1245 1423 enarrantem
1284 1366 1577 1422 audiendo.
1634 1366 1879 1438 Illudque
1942 1379 2030 1425 est

435 1471 745 1531 opportune
792 1460 960 1530 loqui.
1012 1458 1234 1529 Oportet
1278 1460 1448 1533 igitur
1492 1459 1623 1515 illud
1655 1461 2028 1532 intelligentcr

439 1556 576 1624 sign?
589 1554 767 1608 ficare.

511 1647 602 1701 64.
640 1644 932 1714 Postquam
965 1644 1152 1698 omnia
1192 1660 1347 1699 mens
1388 1646 1720 1714 percurrerit
1752 1661 1816 1702 ac
1846 1654 2027 1702 trans-

2124 452 2285 523 σιγὴν
2314 452 2469 521 ἄγειν
2496 452 2775 522 ἔγκαιρον.
2804 452 2866 505 Et
2887 452 2946 506 δέ
2970 468 3045 522 πη
3074 452 3243 523 μήπω
3269 452 3503 522 πάρεστι
3523 451 3680 511 τοῦτο,

2125 546 2261 615 μηδέ
2292 563 2355 615 γε
2391 545 2499 616 μὴν
2526 546 2605 608 είς
2637 544 2705 598 τὰ
2737 543 2879 614 ὑπὲρ
2904 544 3066 613 λόγον
3089 546 3118 597 ὁ
3140 542 3267 607 νοῦς
3296 543 3545 606 ένοειδῶς
3571 545 3680 615 ἑπι-

2123 639 2329 703 σάλλοι,
2387 641 2524 693 ἀλλά
2561 639 2624 693 τὸ
2674 638 2806 708 γοῦν
2850 638 3032 692 λαλεῖν
3079 636 3379 707 ἐγκαίρως,
3441 636 3571 690 ἔστω
3616 638 3679 708 δὴ

2121 732 2373 800 δεύτερον
2394 749 2407 760 ·
2469 732 2555 784 ἵνα
2589 730 2788 802 δέ,περ
2821 728 3084 799 συγγενὲς
3133 731 3219 798 εἴη
3274 728 3336 781 τὸ
3372 727 3563 795 λέγειν,
3592 730 3678 781 καὶ

2124 825 2260 892 πρὸς
2295 824 2356 877 τὸ
2392 825 2553 895 σιγᾷν
2583 823 2877 892 σύνεγγυς,
2900 823 2976 885 ὡς
3000 822 3061 875 τὸ
3093 824 3275 893 σιγᾷν,
3301 818 3444 872 οὕτω
3471 836 3564 872 που
3589 822 3679 873 καὶ

2123 913 2183 967 τὸ
2211 913 2392 967 λαλεῖν
2428 913 2705 984 ἐγκαίρως
2758 911 3138 975 ἐπιτελείσθω,
3189 910 3286 964 καὶ
3322 910 3459 976 πρὸς
3500 910 3554 965 τδ
3601 912 3673 981 μὴ

2125 1005 2310 1059 λαλεῖν
2337 1006 2512 1060 ἐλθεῖν
2533 1004 2862 1072 ἐπειγέσθω,
2886 1003 2965 1075 τῷ
2995 1004 3064 1057 τὰ
3089 1003 3211 1057 θεῖα
3236 1003 3423 1057 λαλεῖν
3448 1003 3536 1054 καὶ
3565 1002 3671 1054 διι-

2124 1095 2369 1149 νοεῖσθαι
2412 1095 2707 1166 διηνεκῶς,
2758 1096 2855 1149 καὶ
2894 1095 3028 1167 ὁρᾷν
3068 1094 3168 1165 τὴν
3214 1093 3413 1157 κτίσιν,
3444 1086 3540 1147 “καὶ
3585 1095 3675 1147 τδν

2126 1188 2367 1258 κτίστην
2396 1188 2572 1257 αὐτῆς
2604 1186 3051 1257 ἐνοπτρίζεσοαι,
3074 1188 3179 1257 ὅση
3198 1185 3452 1256 δύναμις.
3478 1185 3679 1253 διιιγου⁹

2124 1278 2293 1348 μένης
2327 1279 2455 1348 περὶ
2484 1278 2674 1333 αὐτοῦ.
2719 1278 2830 1332 Καὶ⁵
2860 1277 3019 1331 τοῦτό
3058 1280 3176 1331 ἐστι
3204 1278 3269 1331 τὺ
3295 1278 3561 1347 Emtae:
3589 1278 3686 1332 λα·

2120 1370 2248 1430 λεῖν,
2309 1370 2430 1441 Χρὴ
2464 1370 2520 1424 δέ
2566 1370 2676 1442 ἀρα
2704 1372 2798 1424 καὶ
2842 1369 3042 1424 οὑτωσί
3077 1388 3197 1434 πως
3225 1371 3543 1425 διαλαϐόντα
3569 1373 3689 1423 ἐπε-

2123 1461 2494 1531 σημήνασθαι.

2198 1645 2289 1711 ξδ’.
2320 1646 2490 1700 Ἐπάν
2511 1648 2689 1701 πάντα
2717 1651 2746 1702 ὁ
2771 1647 2892 1712 νοῦς
2916 1648 3109 1713 διαϐὰς
3141 1650 3209 1704 τά
3230 1650 3379 1721 τῇδε,
3406 1652 3500 1705 καὶ
3526 1651 3695 1725 ὓπερ-

441 1738 685 1793 cmnleiit
719 1737 952 1792 naturali
997 1737 1178 1802 modo,
1230 1748 1284 1791 et
1320 1747 1572 1791 amanter
1624 1739 1860 1804 silucrit,
1899 1748 2029 1797 tunc

2128 1740 2333 1804 αναὸἀς
2391 1740 2608 1812 φυσικῷ
2639 1742 2849 1812 τρόπῳ,
2911 1741 3200 1805 ἀσπασίως
3230 1742 3424 1813 σιγῴη,
3453 1745 3571 1797 τότε
3612 1763 3695 1798 τοι

441 1839 657 1897 tempus
708 1839 793 1883 est
845 1828 1336 1898 Superunturaliter
1390 1841 1443 1884 et
1496 1832 1724 1885 tacendo
1777 1832 2022 1889 fruendi.

442 1919 681 1988 Tempus
704 1920 1124 1975 illuminationis
1145 1930 1200 1975 et
1229 1921 1455 1976 luminis
1480 1922 1803 1990 spiritualis,
1830 1930 2029 1982 tuentis

440 2014 682 2075 unionis,
703 2023 758 2068 et
783 2012 1054 2084 simplicis
1078 2014 1556 2084 contemplationis
1584 2026 1638 2069 et
1664 2017 2031 2075 infinitndinis

439 2118 497 2163 et
519 2108 1055 2162 indeterminationis
1087 2117 1141 2162 et
1172 2108 1534 2178 superlneidae
1568 2110 1921 2181 cognitionis,
1953 2124 2028 2177 rt,

443 2210 498 2254 ιιι
527 2200 762 2255 breviter
791 2201 993 2264 dicam,
1024 2213 1243 2272 tempus
1276 2203 1792 2272 comprehensionis
1822 2215 1876 2261 et
1905 2223 2031 2261 sus-

443 2289 715 2358 ceptionis
769 2289 1049 2359 sapientia:
1116 2292 1443 2363 spiritualis,
1506 2309 1604 2363 per
1656 2295 1819 2364 quam
1878 2312 2033 2351 meus

446 2380 727 2449 perficitur
762 2381 819 2436 in
851 2384 1035 2452 quiete
1064 2399 1127 2439 ac
1169 2383 1412 2451 silentio,
1445 2384 1775 2442 inell'abilezn
1823 2389 1877 2441 in
1912 2400 2032 2442 Sltl-

443 2487 575 2542 pore
602 2474 1022 2530 exsultationem
1046 2476 1311 2534 sentiens.

512 2564 603 2620 65.
647 2566 880 2632 Quando
920 2582 1076 2624 mens
1120 2570 1369 2625 veritatis
1417 2586 1581 2627 sensu
1620 2572 1853 2643 seipsam
1907 2584 2032 2627 tan-

443 2676 608 2730 quam
646 2659 873 2716 l‘rrveuti
912 2661 1099 2731 gratiae
1133 2663 1302 2718 calice
1331 2664 1542 2718 ebriam
1578 2668 1837 2730 senserit,
1869 2676 2029 2720 extra

443 2752 681 2822 seipsam
735 2750 898 2818 facta,
948 2752 1298 2808 manifestum
1347 2742 1434 2809 est
1475 2764 1607 2811 tunc
1656 2773 1778 2813 esse
1813 2767 2031 2829 tempus

445 2846 661 2901 Silentii.

527 2936 618 2992 66.
659 2935 888 3002 Quando
909 2937 1027 2991 vult
1051 2938 1324 2993 interioris
1349 2938 1590 2995 heminis
1611 2939 1895 3010 dispositio
1925 2943 2031 2996 ela-

2121 1831 2315 1903 καιρδς
2359 1834 2573 1903 τρυφᾷν
2640 1830 2986 1902 ὑπερκόσμια
3039 1833 3133 1884 καὶ
3174 1833 3447 1902 ἀλάλτιταο
3506 1837 3698 1905 καιρος

2123 1924 2468 1996 stupeam,
2506 1925 2605 1979 καὶ
2636 1926 2815 1993 φωτὸς
2842 1924 3053 1994 νοεροῦ,
3085 1922 3333 1988 ἐνώσεώς
3365 1942 3425 1978 τε
3455 1926 3574 1988 νοὸς
3603 1928 3701 1979 καὶ

2121 2014 2356 2087 θεωρίας
2390 2016 2712 2087 ἁπλότητος,
2742 2014 3023 2086 ἀοριστίας
3055 2032 3139 2080 τε,
3170 2016 3266 2069 καὶ
3293 2016 3582 2085 ἀπειρίας,
3603 2018 3701 2070 καὶ

2121 2106 2439 2176 ὑπερφαοῦς
2466 2106 2744 2176 γνώσεως,
2776 2108 2871 2159 καὶ
2901 2107 2959 2159 ἐν
2995 2106 3231 2177 ἐπιτομῇ
3268 2105 3435 2174 φάναι
3455 2148 3472 2172 ,
3506 2107 3701 2175 καιρὸς

2119 2198 2481 2267 ἀντιλήψεως,
2520 2198 2614 2251 καὶ
2663 2189 3017 2268 μεταλήψεως
3065 2197 3257 2265 σοφίας
3290 2202 3699 2268 πνευματικῆς,

2120 2290 2244 2344 καθ’
2292 2290 2360 2361 ἢν
2382 2291 2412 2343 ὁ
2457 2288 2584 2354 νοῦς
2625 2289 2974 2343 τετελείωται
3016 2292 3074 2342 ἐν
3102 2289 3267 2361 σχολῇ
3298 2290 3394 2343 καὶ
3422 2293 3580 2361 σιγῇ,
3607 2292 3703 2361 τὴν

2120 2383 2499 2454 ἀνέκφραστον
2559 2381 3033 2452 παραδεδεγμένος
3083 2382 3141 2434 ἐν
3201 2382 3471 2453 ἐκπλήξει
3521 2383 3703 2453 ἀγαλσ

2120 2476 2318 2528 λίασιν.

2194 2563 2286 2632 Es’.
2314 2564 2486 2619 Ὅταν
2536 2566 2571 2635 ἡ
2618 2564 2765 2635 ψυχὴ
2796 2565 3052 2636 ἀληθείας
3091 2567 3345 2639 αἰσθήσει
3391 2569 3597 2641 ἑαυτὴν
3625 2569 3707 2639 τῷ

2120 2657 2363 2728 ποτηρίῳ
2412 2658 2511 2727 τῆς
2542 2654 2765 2727 χάριτος
2819 2650 2908 2710 οἷα
2960 2660 3236 2730 κρατίστῳ
3282 2660 3706 2731 μεθυσκομένην

2118 2748 2443 2818 αἰσθάνηται
2479 2746 2670 2802 ἔκνουν
2698 2748 3051 2820 γιγνομένην,
3063 2749 3225 2821 δῆλον
3246 2752 3328 2805 ὅτι
3352 2752 3476 2805 τότε
3504 2754 3706 2825 καιρὸς

2115 2842 2207 2896 τοῦ
2245 2842 2428 2913 σιγᾷν.

2193 2932 2299 3000 Eg’.
2333 2934 2507 2989 Ὅταν
2555 2936 2590 3006 ή
2647 2934 2742 2989 τοῦ
2796 2934 2905 2989 ἔσω
2950 2936 3240 3009 ἀνθρώπου
3281 2938 3522 3003 διάθεσις
3553 2940 3705 2996 θέλει

447 3041 595 3081 mare
632 3044 645 3081 :
680 3044 700 3077 ι
746 3026 998 3091 Domine,
1030 3025 1161 3094 quid
1196 3027 1541 3097 multiplicati
1575 3039 1703 3084 sunt.
1734 3032 1829 3100 qui
1858 3033 2030 3086 tribu-

2128 3026 2247 3099 Ξοᾷν
2275 3042 2291 3057 ⁶
2331 3045 2351 3079 ι
2381 3025 2556 3095 Κύριε
2606 3027 2660 3080 τί
2711 3025 3122 3099 ἐπληθύνθησαν
3168 3032 3217 3083 οἱ
3266 3030 3540 3095 θλίϐοντές
3593 3050 3703 3101 με;

446 3119 560 3172 lant
596 3135 681 3173 me
713 3118 915 3172 ?tnulti
982 3118 1269 3189 insurgunt
1325 3121 1613 3175 adversum
1670 3138 1773 3185 me,
1816 3142 1835 3175 ι
1879 3122 2035 3179 Tunc

445 3210 977 3281 tertipus‘loquendi,
1008 3210 1266 3280 loquendi
1299 3226 1430 3267 vero
1464 3223 1523 3267 ut
1558 3214 1735 3279 decet,
1767 3230 1874 3270 non
1924 3217 2036 3270 for-

447 3304 605 3366 ιιιίιιι,
625 3312 815 3357 contra
845 3302 1098 3358 inimicos
1124 3313 1305 3356 tamen
1329 3304 1608 3360 moderata
1626 3314 1681 3361 et
1700 3309 2035 3363 convenien-

445 3396 545 3462 tia,
584 3406 641 3449 nt
665 3405 882 3466 oportet

518 3489 612 3545 67.
649 3487 880 3556 Quando
907 3487 1093 3542 vultus
1121 3485 1335 3542 Domini
1366 3487 1549 3543 lumen
1586 3484 1754 3559 super
1787 3490 2027 3546 animant

448 3578 724 3650 signatum
757 3588 862 3642 est,
894 3579 967 3633 ita
1001 3587 1059 3634 ιιι
1083 3579 1209 3635 inde
1247 3582 1536 3635 decoretur
1561 3591 1616 3636 et
1642 3582 1947 3637 illustrctur
1977 3592 2034 3638 et

388 3688 391 3691 '
449 3672 647 3726 divina:
706 3671 908 3726 laetitia!
962 3671 1160 3727 eﬂusio
1219 3673 1273 3727 in
1332 3687 1452 3728 eam
1517 3671 1841 3739 descendat,
1898 3684 2033 3732 tunc

448 3773 663 3832 tempus
693 3773 775 3818 est
809 3763 1026 3819 silendi.

521 3852 613 3909 68.
655 3853 886 3921 Quando
937 3851 991 3907 in
1035 3868 1094 3907 se
1140 3852 1493 3921 insurgentes
1558 3856 1763 3911 videbit
1814 3857 2032 3927 iniquos

450 3955 619 4001 testes
650 3959 706 4001 et
749 3957 1056 4016 quarreutes
1101 3960 1163 4000 ea
1200 3963 1319 4014 quae
1352 3950 1547 4013 nescit,
1579 3961 1634 4004 et
1682 3951 1853 4020 ipsam
1898 3968 2032 4007 con-

453 4039 759 4100 turbantes.
794 4049 927 4094 tunc
959 4053 1084 4094 vere
1118 4050 1336 4111 tempus
1382 4052 1464 4096 est
1496 4042 1755 4112 loquendi
1784 4055 1838 4099 et
1868 4060 2032 4102 voces

450 4130 789 4202 proferendi.

524 4222 614 4279 69.
654 4224 941 4278 Summum
976 4232 1052 4292 et,
1090 4234 1149 4279 ut
1172 4224 1243 4279 ita
1277 4223 1480 4292 dicam,
1510 4238 1816 4284 extremum
1851 4239 1905 4285 et
1936 4248 2032 4286 ex-

448 4316 819 4371 celsissimum
857 4316 1060 4370 bonum
1089 4327 1145 4372 et
1182 4318 1490 4389 pulchrum,
1526 4335 1659 4375 sane
1690 4323 1829 4377 licus
1858 4335 1943 4378 est
1974 4324 2028 4379 in

445 4407 705 4461 omnibus
745 4422 865 4476 quae
895 4407 1169 4464 exsistunt
1194 4418 1251 4463 et
1292 4409 1642 4481 cogitantur;
1683 4414 1736 4469 in
1771 4415 2030 4473 omnibus

447 4507 635 4552 autem
678 4513 801 4566 qua:
839 4499 1114 4565 videntur,
1154 4501 1328 4557 multo
1379 4503 1666 4559 intervallo
1711 4507 1906 4562 melior
1948 4515 2055 4562 est.

451 4591 618 4645 homo
642 4597 698 4644 et
727 4590 904 4660 major
939 4591 1477 4661 incomparabiliter;
1521 4596 1695 4667 gratia
1727 4600 1872 4654 enim
1905 4615 2034 4656 vere

444 4692 617 4747 supra
650 4679 869 4747 angelos
902 4687 1006 4733 est.
1043 4677 1100 4734 In
1136 4680 1224 4737 liis
1251 4683 1503 4747 plurimis
1527 4702 1650 4757 qua:
1679 4689 1826 4744 inter
1862 4690 2030 4746 Deum

445 4778 507 4825 et
535 4771 784 4826 homines
812 4781 943 4826 sunt
983 4770 1258 4829 accedens
1295 4773 1364 4828 ad
1396 4774 1528 4832 illud
1560 4780 1703 4847 quod
1739 4790 1823 4836 est
1867 4797 2035 4851 supra

448 4862 860 4930 cogitationem.
919 4863 1223 4934 stupefacta
1289 4880 1445 4921 meus
1516 4869 1766 4934 recedit,
1814 4874 2035 4942 quando

444 4953 695 5008 nondum
743 4953 1041 5009 abundanti
1072 4956 1245 5026 gratia
1290 4965 1497 5012 tentata
1536 4969 1656 5024 est;
1702 4977 1865 5030 quam
1910 4979 2035 5032 gra-

452 5048 585 5100 tiam
621 5062 716 5117 per
744 5055 1066 5116 operantem
1106 5048 1157 5103 in
1188 5048 1357 5104 corde
1392 5051 1733 5120 spiritualem
1766 5056 2024 5113 virtutem

447 5146 702 5207 gustatis,
738 5139 889 5194 brevi
936 5140 992 5193 in
1036 5156 1309 5196 summum
1346 5144 1637 5212 pulelirum
1686 5158 1740 5201 et
1778 5147 1981 5204 bonum
2009 5193 2026 5218 ,

2126 3116 2313 3173 πολλοὶ
2339 3119 2724 3172 ἐπανίστανται
2753 3119 2841 3171 ἐπ’
2877 3120 2976 3189 ἐμέ
2995 3136 3010 3150 ο
3041 3138 3059 3172 ι
3095 3121 3217 3175 τότε
3246 3123 3439 3194 καιρὸς
3469 3123 3566 3176 τοῦ
3602 3124 3705 3176 λα-

2127 3210 2260 3275 λεῖν,
2296 3209 2481 3263 λαλεῖν
2538 3208 2594 3262 δέ
2645 3209 2721 3271 ὡς
2765 3210 2933 3273 εἰκὸς,
2993 3211 3097 3265 οὐκ
3159 3214 3364 3276 εἰκαῖα,
3413 3215 3558 3268 κατὰ
3590 3214 3706 3268 τῶν

2120 3298 2330 3371 ἐχθρῶν
2381 3300 2632 3370 μέντοιγε
2693 3302 2926 3372 μέτρια,
2991 3302 3088 3357 καὶ
3130 3305 3513 3375 προσήκοντα,
3554 3307 3708 3360 καθά

2115 3393 2215 3446 δεῖ.

2193 3484 2289 3552 ξζν.
2319 3486 2484 3540 Ὅταν
2518 3485 2579 3538 τὸ
2608 3484 2701 3539 τοῦ
2761 3484 3057 3556 προσώπου
3116 3486 3324 3557 Κυρίου
3367 3486 3485 3555 φῶς
3534 3506 3705 3560 σεση.

2123 3578 2347 3646 μείωται
2379 3578 2473 3630 ἐπὶ
2509 3578 2611 3648 τὴν
2662 3579 2862 3649 ψυχὴν,
2896 3578 2974 3642 ὡς
3024 3578 3276 3632 ἐντεῦθεν
3308 3580 3700 3647 καλλύνεσοαι,

2118 3668 2212 3720 καὶ
2281 3666 2705 3738 φαιδρύνεσθαι,
2767 3668 2865 3721 καὶ
2937 3667 3089 3739 χῦμα
3149 3669 3298 3732 θείας
3355 3671 3701 3743 εὐφροσύνης

2120 3759 2369 3832 ἐπιρρεῖν
2404 3760 2491 3813 ἐπ’
2522 3760 2712 3832 αὐτὴν,
2739 3763 2860 3815 τότε
2894 3762 3002 3830 ἄρα
3039 3763 3233 3833 καιρὸς
3253 3763 3345 3815 τοῦ
3385 3765 3566 3832 σιγᾷν.

2191 3850 2296 3922 ir}.
2334 3853 2504 3906 Ὅταν
2552 3855 3017 3923 ἐπανισταμένους
3066 3855 3207 3925 αὐτῇ
3265 3853 3413 3926 ὁρῴη
3472 3855 3697 3920 ἀδίκους

2123 3943 2429 4014 μάρτυρας,
2464 3945 2555 3997 καὶ
2585 3942 2622 3998 ἃ
2649 3945 2709 3997 οὐ
2737 3944 2997 4013 γινώσκει
3024 3945 3346 4016 ἐρωτῶντας
3374 3945 3567 4013 αὐτὴν,
3598 3949 3695 3999 καὶ

2112 4032 2502 4103 ταράττοντας,
2563 4032 2686 4083 τότε
2723 4029 2913 4101 καιρὸς
2962 4030 3303 4102 γιγνομένοις
3348 4028 3444 4083 τοῦ
3484 4028 3691 4094 λαλεῖν,

2114 4125 2207 4178 καὶ
2242 4124 2339 4194 μὲν
2362 4123 2427 4191 δὴ
2454 4122 2549 4177 τοῦ
2576 4120 3057 4191 ἀντιφθέγγεσθαι.

2185 4214 2280 4281 ξθ’.
2324 4216 2771 4283 κορυφαιότατον
2803 4215 2897 4268 καὶ
2922 4208 3036 4267 οἷον
3076 4215 3254 4267 είπεῖν
3285 4213 3616 4285 ἀκρότατον,
3654 4211 3687 4284 ἢ

2113 4307 2282 4378 δήπου
2308 4306 2529 4375 ῦῷιστον
2560 4307 2742 4372 καλὸν,
2808 4306 2901 4359 καὶ
2946 4306 3047 4375 μέν
3101 4322 3166 4374 γε
3209 4305 3415 4373 ἀγαθὸν
3456 4307 3487 4359 ὁ
3534 4303 3692 4370 Θεὸς,

2115 4403 2174 4452 ὲν
2207 4398 2378 4453 ἅπασι
2413 4402 2525 4463 τοῖς
2547 4398 2688 4461 οῦσι,
2721 4397 2819 4451 καὶ
2845 4400 2958 4462 τοῖς
2986 4398 3329 4469 νοουμένοις·
3359 4398 3420 4452 ἐν
3444 4396 3619 4452 ἅπασι
3637 4396 3695 4451 δέ

2113 4495 2224 4556 τοῖς
2252 4491 2575 4561 ὁρωμένοις.
2620 4491 2801 4562 πολλῷ
2844 4490 2923 4562 τῷ
2953 4491 3180 4562 μεταξὺ,
3217 4490 3430 4560 βέλτιον
3456 4491 3556 4562 τὴν
3588 4490 3694 4560 φύ-

2119 4599 2204 4636 σιν
2229 4583 2472 4652 πέφυκεν
2501 4581 2811 4654 ἄνθρωπος,
2838 4582 2934 4637 καὶ
2960 4583 3228 4653 κρείττων
3246 4582 3503 4651 ,πιθανῶς
3526 4583 3697 4651 ἀσυγ-

2115 4675 2354 4743 κρίτω,’
2405 4678 2469 4746 τῇ
2528 4676 2710 4745 χάριτι
2762 4675 2820 4729 δέ
2875 4675 2955 4748 τῷ
2980 4675 3094 4729 δντι
3143 4674 3386 4729 καὶτῶν
3445 4676 3693 4743 ἀγγέλων

2117 4766 2436 4837 ὑπέρτερος.
2481 4765 2569 4818 Ἐν
2605 4764 2786 4817 τοίνυν
2828 4758 3169 4834 παμπόλλοις
3204 4764 3329 4828 νοῦς
3360 4763 3694 4833 θεωρητικὸς

2117 4861 2228 4921 τοῖς
2263 4857 2468 4927 μεταξὺ
2522 4855 2659 4910 Θεοῦ
2710 4858 2804 4910 καὶ
2845 4856 3151 4927 ἀνθρώπων
3198 4856 3278 4926 τῷ
3307 4857 3451 4927 ὑπὲρ
3485 4856 3692 4909 ἔννοιαν

2118 4950 2534 5019 προσεγγίζων,
2581 4948 2888 5019 ἕκπληκτος
2938 4948 3405 5011 ἀποκαθίσταται,
3458 4947 3693 5016 ὁπηνίκα

2118 5042 2199 5093 ἔτι
2219 5040 2475 5109 δαψιλοῦς
2502 5043 2603 5110 τῆς
2625 5039 2965 5110 φωτιστικῆς
2998 5040 3222 5111 χάριτος
3241 5040 3303 5094 οὐ
3333 5038 3704 5108 πεπείραταιο,

2118 5130 2188 5205 ἧς
2214 5132 2280 5186 δι’
2307 5130 2563 5204 ἐνεργοῦς
2590 5134 2647 5185 ἐν
2670 5131 2869 5203 καρδίᾳ
2888 5133 3269 5204 πνευματικῆς
3296 5130 3578 5201 δυνάμεως
3604 5145 3696 5197 γε·

444 5226 625 5284 Deum
661 5244 861 5298 nempe
890 5230 1165 5287 ascendit.
1199 5242 1251 5286 et
1291 5210 1479 5288 divino
1506 5232 1651 5288 dono
1690 5236 1743 5291 in
1779 5237 1909 5293 illud
1946 5210 2030 5293 in;

2128 5222 2411 5294 γευμένος,
2442 5210 2610 5293 φαίήν
2658 5222 2725 5276 ἂν
2750 5223 2915 5292 τάχα,
2947 5224 3027 5286 είς
3066 5222 3129 5275 τὸ
3159 5221 3465 5292 ἀκρότατον
3518 5221 3692 5303 ἀνεισι

442 5320 718 5393 greditur.
764 5321 835 5376 Et
892 5321 1041 5377 videt
1076 5320 1426 5379 nniformiter
1457 5334 1512 5379 et
1540 5325 1820 5398 obsmpet,
1859 5330 1912 5384 in
1941 5331 2030 5386 illa

2128 5317 2283 5370 καλὸν
2320 5315 2412 5369 καὶ
2441 5315 2667 5385 ἀγαθὸν,
2710 5316 2801 5369 τὸν
2829 5316 2983 5379 Θεὸν,
3013 5314 3112 5367 καὶ
3143 5315 3202 5367 ἐν
3232 5311 3383 5384 αὐτῷ
3417 5312 3557 5367 κατά
3586 5311 3691 5365 δω-

442 5430 612 5486 supra
649 5422 887 5470 mentem
922 5415 1125 5488 abysso
1162 5431 1285 5472 cum
1322 5417 1541 5474 silentio
1573 5418 1851 5478 habitans.
1884 5423 1948 5478 Et
1974 5425 2028 5479 id

2128 5410 2253 5482 ρεάν
2281 5409 2559 5481 θειοτέραν
2593 5408 2809 5465 εἴσεισι.
2865 5408 2979 5463 Καὶ
3018 5407 3124 5479 6ρᾷ
3158 5406 3408 5471 ἐνοειδῶς
3450 5408 3546 5460 καὶ
3601 5406 3692 5459 ἐκ·

438 5514 527 5562 cst
562 5505 727 5576 primi
762 5505 1108 5572 sabbatisml,
1165 5516 1227 5562 ut
1254 5509 1328 5561 ita
1361 5509 1569 5572 dicam.
1622 5512 1841 5581 pignus;
1873 5506 2029 5583 etijus

2128 5504 2447 5576 πλήσσεται.
2482 5505 2561 5566 είς
2590 5503 2681 5556 τὸν
2712 5504 2855 5573 ὑπὲρ
2883 5500 3010 5556 νοῦν
3045 5500 3207 5571 βυθὸν
3252 5499 3610 5568 αὐλιζόμενος
3638 5497 3695 5551 ἐν

446 5602 611 5669 typus
655 5597 761 5654 fuit
794 5599 849 5652 in
882 5600 1168 5656 creatione
1193 5640 1208 5665 ,
1265 5600 1355 5656 Dei
1404 5603 1817 5671 sabbatismns;
1853 5607 2029 5664 altero

2128 5602 2326 5672 σιωπῇ.
2351 5598 2462 5652 Καὶ
2494 5597 2655 5650 τοῦτὸ
2685 5598 2835 5649 ἐστιν
2874 5594 3093 5666 ἀληθῶς
3118 5593 3209 5648 τοῦ
3240 5591 3462 5663 πρώτου
3491 5589 3695 5703 σα66α;

452 5701 661 5756 autem,
693 5689 853 5762 cujus
879 5705 1067 5747 verum
1104 5692 1384 5764 exemplar
1423 5701 1506 5752 est
1532 5695 1755 5751 relictus
1786 5696 2025 5752 sabbati-

2128 5691 2317 5761 τισμοῦ
2354 5689 2446 5757 τὰ,
2479 5688 2556 5753 ὡς
2585 5687 2651 5744 ἂν
2706 5688 2964 5759 ὀνομάσοι
2996 5704 3081 5751 τις
3130 5686 3284 5752 ἴσως,
3315 5685 3586 5752 ἐνέχειρα.
3624 5685 3697 5738 Οῦ
