3996 6202
310 299 413 368 901

1457 307 1560 367 DE
1593 305 1767 365 VI'I‘A
1813 303 2468 370 CONTETJPLATIVA.

3446 316 3552 381 902

313 423 477 483 τύπος
523 421 559 476 ό
596 419 695 489 τῆς
744 419 972 481 κτίσεως
1014 416 1123 470 τῶν
1173 417 1342 468 ὅντων
1375 416 1756 485 σαϐϐατισμὸς
1788 414 1884 467 τοῦ

1989 431 2140 474 sinus
2163 422 2359 490 populo
2387 420 2499 482 Dei.
2521 420 2730 492 majore
2755 435 2816 476 ac
2843 420 3060 476 diverso
3083 423 3408 480 saldia'ismo
3434 444 3554 480 ma-

309 513 440 565 Θεοῦ
458 529 472 542 ·
498 511 686 580 ἐτέρου
718 509 795 568 δὲ,
823 504 885 562 οὗ
915 508 1146 576 ἀψευδὲς
1183 507 1554 576 παράδειγμα,
1603 509 1630 559 ό
1655 505 1884 557 ἀπολει-

308 605 545 674 πόμενος
591 601 968 670 σαεϐατισμὸς
1018 601 1095 669 τῷ
1138 599 1252 668 λαῷ
1281 598 1377 652 τοῦ
1420 599 1578 664 Θεοῦ,
1617 598 1882 668 μείζονος,

308 697 402 750 καὶ
442 694 786 764 ἀλλοιοτέρου
844 692 1224 761 σαϐϐατισμοῦ
1275 689 1572 762 προφανῶς
1599 687 1884 753 ἀπολαύει,

308 793 384 850 εἰς
417 787 607 840 ἑαυτὸν
635 786 895 854 στραφεὶς
931 783 1038 837 ἀπὸ
1061 782 1153 836 τοῦ
1181 781 1339 842 Θεοῦ,
1375 783 1468 834 καὶ
1498 779 1688 834 ἑαυτὸν
1723 780 1886 848 γνοὺς

307 881 382 941 ὡς
422 879 612 932 εἰκόνα
650 878 787 947 μετά
825 877 1214 946 πρωτότυπον⁶
1271 876 1366 927 καὶ
1398 874 1460 926 τὸ
1491 873 1631 937 ὅλον,
1667 873 1734 926 τὰ
1789 888 1883 941 μεο

307 973 440 1037 mea
496 971 634 1023 Θεοῦ
694 970 786 1022 καὶ
843 969 1150 1037 ἀνθρώπων
1191 967 1371 1032 ὁποῖα,
1429 967 1588 1020 ὁπότε
1617 964 1728 1036 [ἵστ.
1790 964 1886 1016 καὶ

309 1061 462 1130 πότε]
495 1062 553 1114 οὑ
586 1061 746 1130 μόνον
777 1061 856 1121 εἰς
885 1058 952 1110 τα
1001 1057 1140 1127 ὑπὲρ
1181 1057 1306 1109 νοῦν
1369 1057 1461 1109 καὶ
1516 1053 1756 1108 διάνοιαν
1804 1053 1886 1104 δι-

310 1154 512 1213 οδεύει,
543 1152 746 1220 τρόπον
802 1148 1154 1218 κατάλληλον,
1181 1149 1237 1200 ἐν
1289 1146 1570 1216 θαυμασία
1608 1142 1886 1211 ἐκπλήξει,

311 1246 446 1298 ἀλλὰ
476 1247 570 1296 καὶ
607 1245 805 1311 χαρᾶς,
860 1242 958 1310 οὑχ
1017 1241 1092 1303 ὡς
1126 1241 1191 1294 ἄν
1247 1257 1327 1301 τις
1395 1241 1568 1290 εἰπεῖν
1627 1236 1746 1306 ἔχῃ,
1796 1237 1888 1285 καὶ

312 1334 694 1404 πνευματικῆς
758 1331 1061 1402 πληροῦται
1119 1329 1514 1397 ἀγαλλιάσεως,
1552 1326 1887 1396 γαννὺμενος

1981 507 2175 564 nifeste
2209 526 2360 565 meus
2397 509 2616 573 fruitur.
2646 513 2698 565 in
2733 512 2966 578 seipsam
3000 527 3030 566 a
3069 511 3174 568 Deo
3201 528 3463 570 conversa
3497 525 3550 570 et

1979 601 2214 668 seipsam
2250 617 2485 655 noscens
2520 613 2604 656 est
2634 604 2926 670 imaginem
2979 613 3099 670 post
3149 612 3496 674 prototypum
3536 649 3551 668 .

1979 699 2034 746 et
2062 691 2286 744 omnino
2316 693 2494 748 sciens
2528 709 2773 760 quzenam
2808 695 2919 748 sint
2968 694 3110 748 inter
3161 696 3329 750 Deum
3365 706 3419 750 et
3450 698 3550 749 lto-

1980 783 2188 849 mincs;
2224 798 2330 837 nou
2365 785 2524 840 modo
2557 785 2624 839 ad
2657 801 2717 840 ea
2754 801 2875 855 qua:
2902 801 3066 856 supra
3103 798 3335 842 mentem
3369 804 3429 843 ac
3457 805 3554 841 co.

1978 873 2293 942 gitationcm
2347 885 2496 941 sunt,
2557 892 2796 947 congrua
2842 880 3071 932 ratione
3123 888 3372 946 penetrat
3410 884 3549 930 miro

1980 981 2102 1020 cum
2136 976 2379 1036 stupore,
2411 972 2504 1022 sed
2542 980 2598 1024 et
2621 971 2822 1036 laetitia,
2861 983 2919 1024 ut
2951 971 3020 1025 ita
3049 970 3250 1035 dicam,
3291 981 3344 1026 et
3371 972 3550 1040 spiri-

1982 1059 2110 1112 tuali
2141 1060 2502 1114 exsultatione
2539 1063 2791 1128 repletur,
2821 1061 2985 1115 tacite
3007 1071 3061 1114 ct
3090 1075 3215 1113 vere
3245 1061 3310 1112 iis
3339 1060 3546 1120 lretans,

1980 1165 2099 1217 qua:
2133 1151 2199 1203 ad
2239 1153 2410 1215 ipsam
2441 1169 2604 1221 supra
2641 1153 2812 1219 ipsam
2847 1153 3158 1221 diriguntur
3193 1152 3548 1206 illuminatio-

1981 1240 2145 1296 nibus
2197 1250 2250 1295 et
2286 1243 2484 1295 divinis
2532 1243 2961 1310 epes-atit-nibus.
3003 1254 3055 1296 et
3101 1258 3223 1296 cum
3267 1258 3328 1295 ea
3366 1257 3551 1308 supcr-

1984 1334 2251 1389 naturalis
2292 1336 2511 1388 deitatis
2542 1335 2746 1387 unitate
2778 1335 2830 1387 iu
2863 1334 3079 1387 Christo
3105 1333 3234 1387 Jesu
3261 1335 3434 1385 unita.

311 1430 649 1496 γιγνομένως
694 1429 752 1479 ἐν
784 1429 965 1496 σιωπῇ
1001 1428 1122 1487 ταῖς
1151 1427 1239 1478 ἔπ’
1268 1427 1434 1479 αὐτὸν
1462 1428 1602 1496 ὑπὲρ
1640 1429 1835 1482 ἑαυτὸν
1884 1431 2202 1495 θεοπτικαῖς
2251 1432 2576 1502 ὲλλάμψεσι,
2629 1431 2723 1483 καὶ
2756 1428 3091 1501 θεουργίαις,
3137 1427 3233 1480 καὶ
3262 1427 3552 1492 ἑνοῦμενος

314 1520 489 1593 ταύτῃ
519 1521 582 1588 τῇ
613 1518 709 1586 τῆς
737 1518 886 1574 θείας
915 1520 1005 1570 καὶ
1027 1518 1338 1589 ὑπερφυοῦς
1370 1520 1620 1588 θεότητος
1647 1522 1822 1586 ὲνάδι,
1849 1526 1905 1574 ἐν
1934 1525 2159 1594 Χριστῷ
2199 1524 2394 1594 Ἰησοῦ.

387 1652 452 1697 ο’.
499 1644 770 1712 Ὀπηνίκα
813 1645 1028 1698 πάντων
1083 1645 1418 1708 ὑποθετικῶς
1447 1647 1556 1698 τῶν
1587 1647 1888 1713 γεγονόων

312 1741 544 1791 ποιεῖται
578 1735 892 1805 ἀφαίρεσιν,
920 1737 995 1798 ὡς
1026 1736 1101 1805 μὴ
1133 1735 1302 1789 ὄντων
1339 1737 1446 1788 τῶν
1476 1736 1665 1800 ὅντων,
1713 1738 1774 1788 τὸ
1804 1737 1882 1789 όν-

311 1850 414 1892 τως
446 1829 503 1882 ὃν
543 1829 798 1900 τηνικάδε
828 1830 1084 1900 ἀρρήτως
1129 1829 1484 1896 φαντάζεται,
1511 1829 1653 1902 ὑπὲρ
1694 1832 1888 1896 νοερὰν

311 1923 596 1993 ἐνέργειαν
652 1939 712 1974 τε
745 1921 842 1974 κει.)⁵
876 1921 1089 1982 ἕνωσιν,
1139 1920 1262 1983 νοῦς
1317 1920 1538 1992 θεωρῶν
1567 1923 1625 1974 ὲν
1659 1921 1890 1993 ἀληθείᾳ

309 2016 404 2068 καὶ
453 2013 727 2084 πνεύματι
772 2012 841 2065 δι’
893 2012 1168 2082 ὑπεροχῆς
1229 2013 1461 2083 ἀπείρου
1506 2015 1612 2067 τῶν
1659 2015 1782 2084 περὶ
1819 2016 1888 2066 ait

308 2106 437 2160 ὄντα
471 2105 633 2157 θείων
664 2102 1012 2174 ἀμωσγέπως
1051 2103 1446 2174 θεωρουμένων
1469 2120 1483 2133 ·
1520 2107 1610 2157 καὶ
1636 2107 1885 2173 γίγνεται

312 2198 576 2267 ἑνοειδὴς,
605 2197 636 2260 ἢ
669 2195 747 2258 ἒν,
780 2197 847 2248 ἶν’
875 2197 1020 2250 οὕτω
1081 2197 1185 2266 φῶ,
1233 2197 1456 2266 ἀφάτως
1504 2198 1713 2266 ἀφασίᾳ.
1755 2197 1889 2250 κάτ-

308 2305 452 2357 οχος.
471 2289 683 2358 πλήρης
700 2288 944 2358 ἀγάπης,
965 2288 1172 2358 πλήρης
1192 2292 1383 2359 χαρᾶς,
1403 2289 1664 2359 οὐμενοῦν
1676 2289 1886 2352 ἁπλῶς,

308 2381 444 2433 ἁλλά
477 2380 586 2433 τῶν
614 2380 723 2433 ἀπὸ
766 2381 865 2449 τῆς
913 2381 1198 2450 ἐνεργείας
1253 2381 1348 2434 τοῦ
1407 2381 1719 2451 Πνεῦματος
1742 2421 1756 2440 ,
1789 2382 1888 2450 τῆς

309 2471 608 2541 ἐφαμίλλου
639 2471 746 2523 τῶν
769 2471 1016 2538 ἀγγέλων
1045 2470 1278 2542 τρυφῆς.

379 2568 481 2614 οα¹.
509 2563 722 2630 Ὥσπερ
751 2561 1004 2630 οὐδαμῶς
1033 2562 1265 2625 οὑδόλως
1298 2563 1358 2614 τὸ
1392 2564 1668 2631 παράπαν,
1690 2563 1884 2632 Κύριε,

309 2647 360 2703 εἱ
380 2654 478 2718 τῂν
511 2650 696 2702 οὐσίαν
727 2649 930 2719 ληπτός
956 2649 1129 2701 οὐδενί
1162 2667 1268 2702 τινι
1320 2649 1478 2720 όποίᾳ
1505 2651 1566 2717 δὴ
1603 2650 1761 2718 φύσει
1792 2650 1884 2702 λθ.

310 2745 440 2810 γικῇ
472 2759 527 2793 τε
565 2742 657 2794 καὶ
684 2742 868 2811 νοερᾷ,
901 2741 934 2811 ἣ
970 2741 1226 2805 καθάπαξ
1265 2741 1464 2810 γνώσει
1503 2745 1718 2811 κτιστῇ,
1763 2742 1884 2794 οὐδὲ

307 2841 436 2908 γοῦν
458 2838 789 2909 Χερουϐικῇ,
819 2838 930 2890 ἀλλ’
954 2837 1284 2908 ὑπερεξίστα
1298 2856 1379 2890 ςαι
1408 2837 1701 2905 ἀπειράκις
1720 2837 1882 2888 ἀπεί-

308 2950 418 3002 ρως
478 2932 698 2998 ἀπάσης
755 2929 1028 2997 γνώσεως,
1049 2928 1212 2992 οὑτω,
1239 2929 1506 2988 Δέσποτα,
1539 2931 1630 2980 καὶ
1659 2928 1725 2979 τὰ
1753 2926 1884 2995 περὶ

311 3025 371 3076 σὲ
429 3022 778 3075 παντάπασιν
805 3022 1009 3091 ἄπειρα
1041 3021 1134 3073 καὶ
1156 3020 1410 3090 ἀόριστα.
1465 3017 1670 3070 Αὐτίκα
1701 3019 1880 3069 το”νυν

2065 1644 2149 1696 70.
2187 1642 2414 1707 Quando
2448 1643 2789 1712 hypothetice
2821 1657 3164 1711 quzecunquc
3199 1647 3327 1696 sttnt
3359 1640 3558 1696 sustol-

1994 1736 2075 1799 lit,
2107 1746 2362 1802 tanquam
2399 1753 2503 1788 non
2538 1737 2926 1791 exsistentibus
2955 1751 3074 1802 qua:
3102 1736 3402 1798 exsistunt,
3429 1747 3561 1786 tunc

1988 1828 2333 1881 ineliabiliter
2370 1828 2497 1880 illud
2531 1827 2675 1893 quod
2709 1836 2792 1880 est
2824 1827 3174 1892 imaginatur,
3206 1841 3370 1894 supra
3397 1827 3560 1879 intel-

1988 1921 2241 1990 ligibilem
2284 1919 2576 1972 vilica-ciam
2612 1928 2664 1972 et
2705 1919 2964 1972 unionem
3018 1933 3173 1972 naeus
3227 1918 3284 1970 in
3329 1917 3558 1971 veritate

1986 2029 2049 2067 ac
2092 2013 2286 2082 spiritu
2317 2012 2717 2079 contemplans.
2751 2026 2844 2079 per
2875 2010 3144 2064 infinitam
3178 2009 3553 2073 eminentiam,

1987 2105 2166 2158 divina
2191 2119 2251 2158 ea
2281 2119 2402 2172 quae
2431 2104 2576 2157 circa
2605 2112 2888 2157 creaturas
2917 2100 3090 2154 videri
3121 2115 3380 2170 possunt;
3415 2110 3470 2153 et
3502 2102 3558 2152 tit

1987 2196 2296 2256 unilormis.
2330 2207 2423 2248 aut
2479 2209 2665 2256 unmu,
2692 2200 2749 2246 ut
2778 2193 2850 2246 ita
2875 2191 3074 2252 dicam.
3107 2191 3395 2260 possidens
3423 2189 3560 2245 inei-

1986 2287 2224 2341 iabiliter
2255 2300 2318 2338 ac
2353 2283 2533 2346 tacite,
2579 2283 2735 2350 plena
2776 2281 2992 2352 gaudio.
3031 2297 3137 2335 uon
3168 2283 3385 2351 quidem
3420 2283 3559 2334 sim-

1987 2378 2218 2446 pliciter,
2261 2375 2354 2431 sed
2398 2391 2463 2429 ex
2513 2374 2750 2442 Spiritus
2797 2373 2969 2428 sancti
3031 2374 3292 2440 efﬁcacia,
3345 2373 3556 2429 deliciis

1987 2471 2172 2524 fruens
2201 2483 2318 2535 qua:
2344 2469 2660 2538 angelorum
2696 2461 2905 2519 deliciis
2936 2467 3144 2520 similes
3172 2475 3324 2521 sunt.

2059 2563 2146 2617 7i.
2178 2560 2652 2627 Quemadmodum
2694 2560 2841 2613 nullo
2871 2559 3056 2618 modo,
3091 2558 3338 2625 Domine,
3367 2573 3558 2612 esseu-

1987 2655 2061 2709 tia
2109 2664 2200 2707 tua
2255 2652 2764 2720 comprehensibilis
2817 2661 2901 2705 est
2948 2651 3170 2704 cuilibet
3224 2650 3473 2704 rationali
3506 2659 3562 2702 ct.

1987 2745 2261 2816 spirituali
2289 2754 2499 2798 natura:
2529 2751 2622 2796 aut
2652 2742 2978 2812 simpliciter
3007 2751 3188 2796 creato
3221 2741 3514 2795 intellectui
3540 2780 3555 2802 .

1986 2858 2054 2896 ue
2096 2840 2396 2894 cberubiuo
2435 2837 2677 2908 quidem,
2704 2838 2799 2890 sed
2831 2851 3060 2905 superas
3095 2836 3304 2889 inlim‘te
3336 2850 3550 2888 omnem

1989 2932 2350 2996 intellectum.
2389 2931 2485 2996 ita,
2516 2929 2740 2982 nomine
2767 2943 3001 2992 summe,
3034 2942 3095 2981 ea
3125 2943 3242 2996 qum
3274 2927 3476 2981 circqu
3507 2939 3558 2978 te

1990 3036 2140 3086 sunt,
2163 3024 2394 3081 omnino
2426 3022 2631 3075 iuliuita
2665 3029 2867 3075 suntet
2895 3019 3264 3075 interminata.
3301 3018 3433 3072 Eum
3459 3018 3552 3088 qui

305 3117 454 3176 ὅντα,
488 3115 582 3166 καὶ
613 3113 840 3181 λέγοντα
873 3113 1101 3165 σεαυτὸν
1141 3112 1537 3182 ἀνυπερϐλήτῳ
1583 3109 1881 3179 κηδεμονία

1989 3131 2072 3174 est
2098 3128 2147 3173 et
2185 3118 2412 3185 teipsutn
2448 3115 2527 3168 sic
2563 3114 2956 3177 nominantem,
2992 3112 3345 3180 insuperabili
3397 3127 3556 3171 cura.

303 3210 396 3262 τὸν
425 3207 722 3276 νομοθέτην
753 3207 851 3275 τῆς
878 3207 1119 3269 Παλαιᾶς
1142 3206 1415 3277 Διαθήκης
1446 3204 1652 3258 Μωσὲα
1679 3200 1882 3270 κηρύτ-

304 3318 418 3353 τειν
449 3298 742 3364 ἐπέταξας.
789 3297 952 3350 Ἀλλά
1001 3300 1095 3350 καὶ
1149 3297 1292 3350 οὕτω
1326 3297 1389 3348 σὺ
1424 3294 1605 3356 πάλιν,
1641 3291 1876 3361 ἀψευδέο

305 3407 490 3453 στατε,
526 3387 622 3440 καὶ
651 3389 786 3458 μόνη
821 3386 967 3455 ἄκρα
1002 3387 1252 3456 ἀλήθεια,
1282 3387 1510 3456 εἴρηκας
1551 3385 1679 3454 περί
1717 3399 1880 3436 τινων

303 3481 412 3534 τῶν
451 3479 585 3543 σῶν,
623 3480 706 3532 ὅτι
736 3477 920 3548 ὀφθεὶς
944 3478 1149 3542 αὐτοῖς,
1188 3481 1335 3549 ὅμως
1368 3477 1427 3530 τὺ
1450 3476 1620 3544 ὄνομά
1649 3493 1741 3528 σου
1778 3476 1880 3527 οὑκ

309 3570 850 3640 ἀπεκάλυψας.Ἕστι
877 3571 986 3640 γὰρ
1018 3571 1156 3640 ὑπὲρ
1187 3572 1294 3623 πᾶν
1318 3567 1663 3638 ἀσυγκρίτως
1684 3567 1875 3636 ὄνομα,

309 3645 438 3726 τῶν,
489 3662 550 3714 οὑ
588 3661 747 3732 μόνον
791 3663 892 3714 ὅσα
922 3663 1017 3715 ἐπὶ
1061 3662 1161 3730 τῆς
1192 3664 1320 3732 γῆς,
1355 3661 1491 3713 ἀλλά
1524 3659 1617 3712 καὶ
1641 3657 1748 3710 τῶν
1777 3659 1878 3711 ὅσα

307 3751 364 3804 ἐν
398 3752 669 3824 οὐρανοῖς.
727 3751 928 3804 Οὐσίαν
959 3752 1066 3823 γάρ
1113 3769 1172 3805 σε
1201 3754 1531 3819 παριστᾶσιν
1559 3751 1608 3802 οἱ
1646 3748 1741 3802 τοῦ
1780 3746 1876 3800 σοῦ

306 3839 483 3908 φωτὸς
524 3838 794 3909 ἔμπλεοι,
844 3839 979 3894 ἀλλά
1031 3839 1130 3893 τοῦ
1183 3839 1608 3910 ὲνυποκειμὲνου
1667 3837 1878 3908 χωρίςο

309 3933 526 3996 πάντως
560 3932 625 3986 ἵν’
656 3932 830 3998 οὕτως
853 3936 1155 4005 ἑπομένως,
1178 3936 1503 4008 ὑπερούσιος
1536 3939 1881 4011 ἁποφανθῇς,

308 4027 404 4079 καὶ
437 4024 623 4094 νόησιν
659 4025 733 4096 μὴ
762 4025 988 4096 ἔχουσαν
1027 4028 1281 4094 καθάπαξ
1313 4049 1364 4082 τι
1392 4032 1770 4102 ὑποκείμενονο
1795 4033 1884 4087 ἵνα

312 4117 650 4187 περιφανῶς,
695 4117 788 4172 καὶ
810 4119 950 4188 ὑπὲρ
980 4120 1184 4189 νόησιν,
1222 4124 1315 4176 καὶ
1354 4124 1570 4177 πάντων
1609 4125 1717 4178 τῶν
1745 4143 1885 4193 γνω-

314 4207 510 4278 σθῆναι
543 4208 774 4278 δύναμιν
803 4211 1033 4279 ἑχόντων
1084 4213 1376 4283 ἀπειράκις
1432 4214 1733 4281 ἄγνωστος,
1791 4219 1885 4271 καὶ

316 4300 617 4370 ὑπέρτερος
645 4303 985 4373 γνωρισθῇς·
1043 4305 1235 4374 χρόνον
1267 4306 1488 4370 τελείως
1517 4309 1713 4376 όρᾶσαι
1739 4309 1883 4362 ἀνώ-

314 4408 492 4462 τερος,
522 4391 780 4463 ἄναρχος,
812 4395 1061 4464 αὑτοζωὴ
1096 4395 1191 4461 ὢν,
1229 4398 1324 4451 καὶ
1366 4399 1706 4470 ἀπέραντοςο
1736 4419 1888 4455 τοπι-

1993 3211 2190 3263 veteris
2207 3207 2536 3265 Testamenti
2561 3205 2920 3273 legislatorem
2942 3202 3176 3273 Illoysem
3219 3203 3558 3272 proclamare

1987 3301 2225 3369 jussistl.
2261 3301 2366 3352 Sed
2405 3313 2456 3352 et
2494 3297 2574 3352 sic
2611 3308 2664 3349 ιιι
2697 3312 2940 3357 rursum.
2977 3309 3008 3346 ο
3041 3295 3322 3349 verissima
3354 3304 3407 3348 et
3444 3297 3562 3350 sola

1989 3408 2201 3449 Summa
2240 3391 2461 3454 veritas,
2499 3389 2683 3443 dixisti
2717 3391 2784 3442 de
2818 3387 3093 3455 aliquibus
3135 3386 3261 3450 tuis,
3297 3387 3440 3455 quod
3486 3391 3554 3439 ab

1991 3483 2130 3554 ipsis
2171 3483 2342 3543 visus,
2387 3498 2493 3536 non
2528 3491 2706 3534 tamen
2737 3495 2934 3532 nomen
2973 3489 3120 3531 tuum
3171 3478 3240 3532 iis
3285 3478 3559 3531 revelasti.

1988 3578 2084 3631 Est
2112 3575 2259 3630 enim
2299 3587 2465 3640 supra
2491 3586 2651 3627 oinue
2680 3571 2957 3640 quodlibet
2990 3585 3210 3631 nomen.
3251 3585 3354 3622 non
3401 3577 3561 3622 modo

1987 3649 2176 3723 (50\I'Illll
2211 3682 2329 3735 quas
2356 3673 2482 3719 Slilli.
2525 3679 2688 3731 super
2720 3672 2944 3725 terram,
2988 3660 3082 3716 sed
3132 3672 3184 3716 6i.
3219 3676 3406 3714 eorum
3435 3678 3558 3728 qua:

1991 3759 2042 3812 itt
2066 3759 2222 3812 C(Blis
2244 3767 2392 3811 sunt.
2419 3753 2494 3808 Te
2520 3754 2660 3809 enim
2686 3754 2977 3808 essentiam
3003 3767 3124 3807 esse
3145 3751 3559 3818 demonstrant,

1991 3851 2082 3921 qui
2119 3860 2212 3904 tuo
2249 3849 2448 3903 lumine
2483 3846 2623 3916 pleni
2653 3853 2801 3909 sunt,
2840 3845 2934 3899 sed
2963 3845 3170 3913 absque
3203 3845 3310 3900 ullo
3353 3861 3557 3914 suppo-

1990 3947 2135 4009 sito;
2167 3953 2224 3997 ut
2271 3941 2352 3996 sic
2384 3950 2784 4008 consequenter
2811 3938 3242 4008 superuaturalis
3267 3955 3556 4008 apparens,

1990 4048 2044 4091 et
2075 4033 2432 4103 intelligentia
2463 4031 2804 4100 suppositum
2835 4045 2943 4084 non
2969 4030 3215 4095 habens;
3250 4037 3320 4084 ita
3355 4043 3413 4083 ut
3442 4047 3559 4086 ma-

1994 4129 2209 4186 ttii'cste.
2251 4135 2304 4179 et
2339 4141 2503 4193 supra
2533 4124 2918 4193 cogitationem
2964 4132 3017 4176 et
3051 4123 3380 4192 omniaquae
3407 4127 3557 4179 nosci

1996 4230 2243 4290 possunt.
2295 4217 2504 4270 lnliuite
2562 4217 2778 4286 ignotus
2827 4225 2885 4269 et
2927 4229 3220 4284 supremus
3268 4217 3512 4272 noscaris
3543 4233 3561 4275 :-

1999 4323 2240 4379 tempnre
2268 4312 2416 4375 pr'or
2445 4321 2698 4376 appares,
2742 4314 3004 4367 mternus.
3038 4306 3310 4375 ipsissima
3343 4309 3473 4374 vita,
3508 4319 3564 4365 ιιι

2000 4401 2280 4466 inﬁnitus;
2314 4401 2539 4454 localem
2565 4399 2788 4452 omnino
2817 4396 3010 4466 eﬂ‘ugis
3032 4398 3438 4468 cogitationem,
3465 4403 3563 4470 qui

317 4481 417 4552 acip:
459 4484 762 4555 ὁλοσχερῶς
817 4487 1187 4556 ὑπικφεύγεις
1245 4490 1476 4555 ἔννοιαν,
1527 4495 1555 4544 ό
1607 4495 1886 4564 πανταχοῦ

1995 4495 2192 4562 ubique
2224 4493 2385 4545 simul
2420 4491 2548 4544 ades
2574 4498 2627 4544 et
2659 4505 2821 4558 supra
2865 4492 3166 4558 quodlibet,
3198 4500 3254 4543 nt
3309 4494 3564 4548 omnium.

315 4571 524 4641 ἀθρόως
556 4574 770 4647 παρὼν,
821 4578 918 4630 καὶ
950 4579 1091 4649 ὑπὲρ
1128 4581 1190 4633 τὸ
1231 4583 1362 4641 πᾶν.
1415 4582 1489 4643 ὠς
1536 4583 1630 4636 τοῦ
1689 4586 1890 4649 παντὸς

317 4663 511 4736 ἀθρόον
545 4669 776 4739 ποιητὴς
823 4671 918 4724 καὶ
955 4672 1134 4741 μόνος.
1183 4675 1442 4742 Καίτοιγε
1492 4677 1728 4729 καὶτῶν
1777 4696 1893 4730 νοε-

321 4756 428 4827 ρῶν
456 4759 673 4828 φύσεων
707 4763 963 4832 περιοχὴ,
1024 4765 1120 4817 καὶ
1148 4766 1311 4828 τόπος
1339 4766 1415 4818 ὢν
1447 4768 1756 4831 ἀδιάϐατος,
1797 4770 1889 4823 νοῦ

264 4925 268 4928 ,
316 4850 476 4919 τάχος
509 4852 876 4922 ὑπερϐαίνων,
907 4856 1001 4907 καὶ
1028 4857 1247 4923 φθάνων
1298 4858 1462 4910 αὑτοῦ
1490 4860 1586 4926 τὴν
1627 4861 1888 4924 ἐπίνοιαν,

315 4940 410 4994 ἅτε
469 4944 608 5013 ὑπὲρ
657 4947 719 4998 τὸ
781 4949 911 5009 πᾶν,
964 4950 1056 5000 καὶ
1100 4949 1222 5018 χεὶρ
1271 4953 1745 5020 παντοκρατορικὴ
1797 4953 1890 5005 τοῦ

317 5034 518 5095 παντὸς
550 5036 944 5106 εὑρισκόμενος
978 5040 1178 5109 τρόπον
1203 5041 1535 5110 ἀδιεξίτητον
1559 5059 1570 5070 ·
1631 5044 1725 5096 καὶ
1787 5047 1893 5114 μὴν

316 5125 440 5178 οὐδὲ
469 5125 708 5194 φύσεως,
751 5131 842 5183 καὶ
866 5130 926 5183 τὸ
951 5131 1135 5201 τυχὸν,
1189 5133 1338 5202 ὅροις
1395 5134 1714 5188 ὑπόκειται·
1746 5135 1895 5206 ἀόρι-

319 5231 444 5279 στος
483 5218 548 5270 σὺ
576 5219 671 5270 καὶ
696 5219 826 5288 γὰρ,
869 5221 931 5273 οὑ
968 5221 1129 5291 μόνον
1155 5221 1251 5293 τὴν
1278 5224 1461 5292 φύσιν,
1491 5225 1566 5288 ὡς
1597 5226 1894 5295 ὑπερφυῶς

317 5306 730 5379 ἀκατάληπτος,
760 5312 894 5366 ἀλλά
933 5313 1026 5367 καὶ
1077 5318 1194 5378 τοῖς
1229 5318 1360 5387 περὶ
1416 5317 1475 5370 σὲ
1519 5323 1787 5387 φυσικοῖς,
1819 5321 1896 5385 ὡς

320 5399 486 5466 σοφία
537 5400 875 5470 ὑπέρσοφος,
931 5405 1028 5459 καὶ
1071 5405 1300 5476 δύναμις
1349 5408 1754 5479 ὑπερδύναμος,
1801 5415 1897 5465 καὶ

321 5491 534 5561 ἀγάπη.
573 5497 666 5547 καὶ
717 5495 992 5568 ἀγαθότης
1026 5499 1164 5571 ὑπὲρ
1202 5503 1381 5556 πᾶσαν
1409 5501 1646 5555 διάνοιαν
1679 5503 1902 5571 ἀγάπης

323 5585 418 5637 καὶ
446 5587 802 5660 ἀγαθότητος.
835 5591 899 5644 Τί
927 5593 992 5645 ἀν
1011 5609 1096 5654 τις
1127 5593 1274 5645 εἴποι
1319 5611 1414 5654 σεξ
1445 5593 1560 5654 Φῶς
1585 5592 1896 5664 λεγόμενον,

324 5675 426 5728 οὑκ
463 5679 796 5748 ἀπρόσιτον;
831 5682 980 5734 Ὠστ’
1018 5682 1106 5752 ἄρ’
1135 5682 1274 5751 ὑπὲρ
1301 5682 1435 5750 φῶς.
1464 5683 1562 5750 Τί,
1592 5685 1806 5754 κριτὴν,
1835 5685 1897 5738 οὐ

327 5767 508 5823 πάντα
549 5769 886 5834 γινώσκοντα
928 5772 1025 5826 καὶ
1084 5772 1188 5841 πρὸ
1232 5775 1531 5841 γενέσεως;
1579 5773 1691 5827 Ποῦ
1724 5773 1898 5831 ταῦτα

1993 4586 2142 4640 solus
2172 4594 2401 4639 creator.
2437 4582 2539 4636 Sed
2571 4592 2746 4636 tamen
2775 4596 2898 4635 eum
2939 4582 3015 4637 sis
3047 4582 3416 4651 spiritualium
3455 4601 3560 4640 na-

1993 4687 2242 4730 turarum
2291 4676 2528 4726 ambitus
2577 4684 2632 4726 et
2664 4673 2816 4726 locus
2861 4672 3295 4748 impenetrabilis
3325 4687 3558 4732 mentem

1998 4769 2182 4823 statim
2214 4765 2659 4837 supergrcdlcus,
2691 4774 2746 4819 et
2812 4764 2974 4835 hujus
3009 4768 3396 4836 cogitationem
3428 4785 3566 4843 pra:-

1991 4865 2237 4926 veniens,
2266 4862 2464 4930 quippe
2495 4863 2585 4928 qui
2617 4859 2692 4914 sis
2720 4874 2885 4928 super
2915 4862 3096 4913 omnia
3123 4869 3171 4912 et
3211 4862 3562 4930 omnipotens

1990 4968 2185 5008 manus
2213 4952 2454 5005 omnium
2488 4951 2706 5002 modum
2739 4950 3206 5016 impenetrabiletu
3241 4953 3563 5010 inveniens:

1989 5063 2099 5100 non
2147 5046 2292 5099 enim
2336 5053 2543 5097 natura:
2596 5044 2845 5096 terminis
2882 5059 3120 5111 unquam
3175 5045 3446 5112 subiacet.
3484 5045 3568 5100 Tu

1987 5138 2131 5193 enim
2191 5136 2443 5190 inﬁnitus
2473 5151 2556 5200 es.
2589 5151 2694 5191 non
2738 5135 2899 5190 modo
2953 5145 3146 5190 natura
3181 5147 3434 5207 tanquam
3471 5154 3565 5193 su-

1987 5227 2408 5299 pet-naturaliter
2437 5225 3026 5294 incomprehensibilis,
3053 5228 3145 5281 sed
3193 5238 3248 5282 et
3292 5229 3563 5296 naturali-

1988 5320 2116 5384 bus,
2147 5335 2267 5389 qua:
2293 5319 2497 5374 circqu
2526 5326 2577 5371 te
2604 5326 2755 5384 sunt,
2781 5327 2836 5371 ut
2859 5319 3123 5388 sapientia
3153 5322 3566 5389 supersapiens,

1993 5419 2046 5464 et
2084 5411 2325 5479 potentia
2364 5417 2670 5478 przepotens
2697 5415 2752 5462 et
2800 5408 3016 5462 dilectio
3043 5423 3104 5462 ac
3146 5410 3356 5463 bonitas
3388 5425 3556 5479 supra

1990 5517 2206 5555 omnem
2238 5502 2548 5556 dilectionis
2574 5514 2638 5553 ac
2678 5499 2939 5554 bonitatis
2971 5501 3378 5567 cogitationem.
3409 5499 3556 5567 Quid

1989 5602 2040 5647 te
2063 5607 2184 5646 esse
2220 5593 2420 5661 aliquis
2451 5592 2632 5647 dicat?
2661 5591 2815 5658 Quod
2860 5593 3042 5646 lumen
3071 5593 3290 5664 dicitur,
3324 5607 3433 5647 non
3472 5599 3560 5648 est

1982 5683 2402 5750 inaccessibile;
2430 5686 2501 5737 ita
2527 5693 2586 5737 ut
2620 5684 2696 5738 sis
2739 5698 2900 5750 supra
2935 5685 3142 5738 lumen.
3191 5683 3295 5750 Qui
3349 5683 3562 5745 dicitur

1976 5776 2139 5848 juch
2162 5812 2178 5842 ,
2218 5790 2325 5832 non
2353 5776 2501 5832 novit
2530 5776 2737 5845 omnia,
2760 5776 2923 5832 etiam
2949 5785 3076 5832 ante
3103 5777 3509 5844 generationem
3535 5793 3556 5840 ι
