3996 6202
362 311 473 373 9H
1485 328 1579 395 DE
1614 335 1799 398 ‘VITA
1845 336 2505 405 CONTEMPLATIVA.
2700 328 2717 351 "
3502 340 3611 403 εἴη

371 440 617 505 καρπός·
662 440 694 509 η
732 439 830 506 τῆς
885 439 1267 511 πνευματικῆς
1325 441 1549 511 εἰρήνης
1608 459 1809 511 κρηπις
1836 457 1851 471 ·
1892 443 1952 493 :6

2061 446 2465 504 interminatum
2521 451 2888 523 undequaque
2919 452 3189 508 inﬁnitum
3219 460 3275 508 et
3320 453 3616 508 incircum-

370 534 718 599 καταγώγιον
756 530 856 598 τῆς
903 530 1253 598 ἀφαντάστου
1292 534 1470 602 χαράς
1495 549 1508 563 °
1546 534 1645 601 τῆς
1680 533 1776 586 τοῦ
1817 532 1954 587 Θεοῦ

2061 542 2310 610 scriptum
2337 585 2353 607 ,
2399 544 2518 598 sine
2549 543 2723 598 forma
2756 561 2818 599 ac
2857 546 3023 615 ilgura
3049 585 3064 609 ,
3097 546 3215 601 sine
3263 547 3526 613 qualitate
3556 560 3618 601 ac

370 622 647 691 ἀγάπηςή
683 619 859 691 πύλη·
905 620 966 672 τὸ
1009 624 1108 690 τῆς
1164 622 1485 693 ἐλλάμψεως
1533 624 1857 694 βλάστημαο
1890 624 1952 679 τὸ

2061 632 2314 688 varietate
2364 650 2427 689 ac
2460 638 2799 704 quantitate,
2857 639 3161 693 absolutum
3208 646 3262 691 et
3293 646 3619 705 supernatu-

334 748 341 769 ι
364 712 533 764 αἴτιον
566 714 663 779 τῆς
689 714 753 765 ἐκ
774 713 1005 783 καρδίας
1044 715 1357 781 ἐκϐλύσεως
1380 718 1491 770 τῶν
1517 718 1809 771 ἀκενώτων
1835 717 1958 771 ὑδά-

2061 721 2201 785 2'ale;
2235 724 2428 776 animae
2454 729 2682 779 mutatio
2713 741 2775 780 ac
2812 743 3034 795 prorsus
3064 727 3127 780 ad
3181 727 3423 780 divinum
3463 728 3620 778 resti-

368 823 472 857 των
511 806 606 858 τοῦ
640 804 969 873 Πνεύματος
994 821 1007 835 ·
1041 810 1074 876 ή
1121 808 1215 861 τοῦ
1248 808 1486 862 τυπικοῦ
1531 812 1707 880 μάννα
1741 811 1957 881 ἀληθῶς

2061 814 2207 868 .utio.
2251 814 2327 869 Ne
2360 816 2525 887 igitur
2560 834 2624 871 ex
2660 819 3049 886 imprudentia,
3082 835 3203 872 rum
3255 820 3319 873 ad
3354 834 3475 872 cum
3509 830 3619 871 sta-

362 900 534 969 τροφή
564 916 619 952 τε
646 899 741 951 καὶ
789 900 972 969 τρυφὴ
1016 901 1114 971 τῆς
1156 901 1357 971 ψυχῆς,
1408 903 1506 955 καὶ
1552 902 1803 975 αῦξησις,
1856 905 1952 959 καὶ

2061 916 2160 958 lum
2199 909 2532 976 perveneris,
2562 921 2614 964 et
2641 910 3045 981 quodammodo
3088 913 3275 978 gratiae
3308 912 3619 965 misericor-

363 990 647 1054 ἀλλοίωσις
669 1009 682 1022 ·
719 991 829 1044 τῶν
855 990 1017 1046 θείων
1045 995 1139 1046 καὶ
1166 995 1451 1064 ἀλαλήτων
1484 997 1825 1065 μυστηρίων,
1859 994 1954 1049 καὶ

2061 997 2135 1051 lia
2173 997 2312 1055 Deus
2345 1000 2572 1057 cﬂ‘ectus
2597 1004 2727 1065 eris,
2749 1018 2813 1056 ne
2844 1001 3064 1057 festines
3090 1004 3171 1056 vel
3197 1018 3362 1056 unum
3398 1005 3619 1055 verbum

364 1082 760 1152 ἀποκαλύψεων
788 1085 821 1153 ἡ
853 1086 996 1154 ἀρχή
1023 1102 1037 1116 ο
1067 1086 1167 1154 τῆς
1198 1103 1260 1153 γε
1295 1089 1423 1156 μιᾶς
1456 1088 1551 1140 καὶ
1574 1088 1799 1158 πρώτης
1824 1089 1954 1158 ἀλη-

2061 1100 2178 1143 mte
2237 1090 2432 1145 faciem
2488 1094 2699 1148 Domini
2759 1093 3036 1163 proferre;
3087 1092 3211 1162 quia
3270 1092 3372 1161 ipsi
3424 1106 3531 1145 una
3571 1100 3617 1143 et

364 1174 515 1238 θείας
543 1174 605 1227 τὸ
651 1176 1062 1247 συμπέρασμαο
1115 1177 1225 1230 τῶν
1268 1177 1566 1234 ὁποιωνοῦν
1614 1180 1891 1250 λογισμῶν
1924 1183 1953 1233 6

2061 1177 2279 1248 simplex
2316 1182 2483 1250 gloria
2516 1185 2567 1236 in
2602 1186 2796 1239 szecnla
2826 1186 2953 1238 erit.

376 1258 689 1328 ἀφανισμός
710 1274 722 1287 ·
752 1258 784 1325 ἡ
833 1260 1023 1313 πασῶν
1054 1260 1163 1315 τῶν
1190 1262 1430 1332 νοήσεων
1460 1265 1773 1329 ἀπόπαυσις
1793 1282 1808 1297 ο
1840 1269 1872 1336 ἡ
1909 1268 2047 1336 ὺπέρ
2090 1269 2155 1321 τὸ
2207 1273 2347 1322 νοεῖν
2384 1269 2679 1321 ἐπιστασία
2699 1281 2712 1296 ο
2743 1268 2776 1337 ἡ
2817 1264 3044 1336 ἀφορμὴ
3104 1264 3199 1333 τῆς
3254 1263 3570 1334 ἐκπλήξεως
3600 1278 3615 1295 ⁶

380 1357 414 1424 ἡ
447 1358 584 1425 πρός
615 1371 676 1423 γε
706 1353 767 1405 τὸ
810 1352 1046 1419 ἁπλοῦν,
1083 1357 1180 1409 καὶ
1221 1360 1477 1428 ἀόριστον
1516 1360 1803 1414 καθοτιοῦν
1836 1364 2088 1433 ἄπειρον,
2121 1365 2217 1419 καὶ
2275 1363 2672 1431 ἀπερίληπτον,
2705 1360 2941 1413 ἀνείδεον
2971 1376 3027 1410 τε
3058 1360 3149 1412 καὶ
3179 1358 3613 1427 ἀσχημάτιστον,

379 1453 594 1515 ἄποιον,
626 1449 934 1515 ἀποίκιλον,
964 1452 1189 1518 άποσον,
1224 1453 1449 1521 ἀναφὲς,
1476 1457 1573 1509 καὶ
1604 1456 1995 1525 ύπερκόσμιον,
2037 1458 2132 1512 τοῦ
2174 1458 2264 1511 νοῦ
2298 1456 2660 1525 μεταποίησις
2692 1454 2833 1527 ὑπὲρ
2867 1452 3013 1513 νοῦν,
3049 1453 3141 1505 καί
3173 1452 3480 1515 ἀλλοίωσις,
3519 1450 3616 1501 καὶ

376 1546 516 1608 ὅλως
544 1546 681 1616 πρὸς
707 1544 769 1598 τὸ
798 1544 1029 1608 θεοειδές
1067 1547 1543 1608 ἀποκατάστασις.
1570 1547 1663 1619 Μὴ
1694 1548 1759 1618 δὴ
1783 1550 1841 1615 ἐξ
1872 1551 1961 1618 ἄρ’
1989 1550 2262 1619 ἁμαθείας
2294 1552 2351 1602 ἐν
2379 1548 2555 1619 τούτῳ
2590 1548 2832 1616 γεγονὼς
2865 1546 3278 1609 κκταστάσεως,
3315 1546 3407 1597 καὶ
3436 1545 3622 1612 τρόπῳ

378 1642 440 1707 γέ
468 1657 543 1709 τφ
574 1637 1003 1709 θεουργούμενος
1036 1641 1103 1710 τῇ
1140 1640 1530 1712 φιλανθρωπίᾳ
1564 1642 1661 1714 τῆς
1710 1641 1958 1714 χάριτος,
2006 1642 2248 1715 σπεύσης
2281 1644 2525 1710 ἐνεγκεῖν
2578 1642 2731 1711 ῥῆμα
2776 1640 2835 1693 ἓν
2864 1638 2995 1708 γοῦν
3037 1637 3143 1708 πρὸ
3174 1637 3470 1706 προσώπου
3505 1637 3621 1688 Κυ-

380 1737 497 1805 ρίου
519 1751 531 1764 ·
564 1737 648 1789 ὅτι
679 1735 826 1806 αὑτῷ
853 1738 886 1807 η
916 1738 1015 1806 μία
1046 1739 1140 1791 καὶ
1163 1737 1311 1806 ἁπλῆ
1348 1737 1476 1800 δόξα
1510 1738 1590 1800 είς
1613 1738 1741 1800 τοὺς
1768 1740 1974 1801 αἰῶνας
2001 1737 2178 1793 ἔσται.

453 1835 549 1906 0C.
587 1838 645 1892 '0
668 1835 794 1900 νοῦς
822 1834 1050 1905 θεωρεῖν
1081 1833 1284 1886 ἐθέλων
1316 1832 1385 1884 τὰ
1417 1829 1555 1899 ὑπὲρ
1585 1827 1748 1882 αὑτὸν
1780 1826 1969 1895 νοητὰ.

386 1935 435 1986 εἰ
463 1932 538 2003 μὴ
564 1929 653 1985 διὰ
679 1927 779 1997 τῆς
806 1926 957 1990 Θείας
987 1926 1211 1996 χάριτος
1252 1920 1623 1991 συνεργοῦσαν
1654 1916 1789 1987 πρὸς
1813 1913 1973 1968 τοῦτο

385 2026 499 2094 ἔχοι
530 2022 626 2077 καὶ
651 2021 752 2089 τὴν
784 2019 918 2072 ἰδίαν
954 2017 1204 2088 καρδίαν,
1260 2013 1486 2085 ἀδρανῆ,
1534 2010 1631 2064 καὶ
1660 2006 1969 2077 ἁφῶτιστα,

384 2113 481 2165 καὶ
525 2108 912 2179 συγκεχυμένα
966 2106 1090 2178 ὁρᾷ.
1131 2106 1230 2158 Διά
1276 2103 1435 2157 τοῦτο
1482 2102 1579 2154 καὶ
1619 2097 1719 2167 τῆς
1773 2096 1971 2151 ἐαυτοῦ

385 2204 577 2275 ἡδονῆς
603 2203 704 2271 τῆς
728 2218 791 2269 γε
820 2200 1161 2269 κυριωτέρας
1190 2197 1351 2263 ἐνδεῖ,
1378 2194 1479 2249 κάν
1508 2193 1574 2247 δι’
1600 2193 1824 2260 ἄγνοιαν
1842 2191 1971 2259 δοκῇ

384 2291 607 2361 ἥδεσθαι
656 2283 743 2342 οἶα
777 2287 1004 2358 μηδέπω
1047 2284 1379 2355 γεγευμένος
1413 2281 1619 2351 ταύτης
1661 2279 1971 2349 τυγχάνων-

385 2385 576 2453 ὥσπερ
623 2380 691 2449 δὴ
738 2380 888 2433 δοκεί
924 2395 1041 2440 πως
1085 2375 1318 2448 ἥδεσθαι
1370 2374 1465 2459 καὶἴ
1510 2374 1539 2426 6
1566 2372 1657 2425 τὸν
1686 2369 1971 2459 ὀλλυρίτην

387 2473 586 2527 ἐσθίων
607 2472 794 2541 ἀρτον,
818 2469 1000 2522 καίτοι
1022 2484 1087 2535 γε
1113 2465 1371 2537 πάμπολυ
1394 2463 1496 2533 τῆς
1523 2461 1666 2515 κατά
1689 2459 1781 2513 τὸν
1803 2458 1970 2524 άρτον

384 2566 583 2636 ἡδονῆς
613 2562 813 2627 ἐνδεῶς
860 2560 1077 2631 ἔχοντα,
1111 2559 1199 2612 διά
1248 2557 1434 2628 μέντοι
1462 2555 1559 2626 τὴν
1608 2553 1831 2621 ἄγνοιαν
1868 2547 1971 2618 τῆς

388 2657 637 2728 γεύσεως
672 2654 769 2709 τοῦ
802 2653 888 2707 διά
924 2651 1261 2722 σεμιδάλεως
1292 2650 1485 2720 ἄρτου.
1896 2732 1899 2733 ν

448 2747 556 2821 οη’.
587 2746 743 2803 Μετά
789 2749 890 2816 τὴν
925 2744 1121 2815 νοεράν
1163 2745 1261 2811 τῆς
1300 2737 1529 2812 καρδίας
1560 2738 1648 2792 διά
1676 2739 1778 2805 τῆς
1810 2736 1981 2818 χάρμ’

379 2857 475 2904 τος
499 2840 695 2893 ἕνωσιν
721 2834 976 2899 ἀπλανῶς
1006 2838 1064 2889 ἐν
1097 2834 1237 2903 φωτὶ
1263 2829 1621 2900 πνευματικῷ
1649 2827 1678 2880 6
1696 2825 1821 2889 νοῦς
1842 2826 1967 2896 ὁρᾷ,

377 2932 479 2986 καὶ
503 2929 807 2985 ἐκτείνεται
830 2928 910 2992 εἰς
934 2926 996 2980 τὸ
1024 2926 1154 2980 ίδιον
1176 2921 1390 2994 ἐφετὸν,
1418 2922 1558 2991 ὅπερ
1582 2919 1732 2973 ἐστὶν
1756 2916 1785 2970 6
1809 2916 1968 2982 Θεὸς,

390 3036 497 3103 ἔξω
518 3035 694 3104 πάντη
720 3032 1010 3101 γενόμενος
1039 3031 1136 3101 τῆς
1164 3029 1495 3097 αἰσθήσεως,
1523 3030 1717 3099 άχροος
1739 3030 1962 3101 δηλαδὴ,

2125 1834 2215 1887 77.
2248 1832 2398 1891 Mens
2432 1851 2550 1905 qua:
2577 1852 2643 1893 ea
2671 1854 2795 1909 quae
2825 1854 2991 1911 supra
3022 1858 3082 1897 se
3114 1844 3341 1913 cogitari
3372 1856 3624 1913 possunt.

2053 1923 2172 1976 vnit
2209 1926 2568 1997 contemplari
2602 1972 2617 1996 ,
2671 1929 2774 1984 nisi
2813 1946 2909 1984 cor
2940 1949 3098 1987 suum
3145 1934 3324 1989 divina
3354 1938 3527 2005 gratia
3560 1942 3627 1991 ad

2053 2016 2186 2069 illud
2225 2026 2433 2073 motum
2468 2022 2691 2085 sentiat,
2722 2023 2927 2078 incerta
2963 2036 3016 2080 et
3057 2027 3288 2082 obscura
3320 2038 3372 2081 et
3394 2029 3626 2101 confusa

2052 2108 2218 2164 videt.
2261 2109 2382 2166 Ideo
2413 2114 2633 2181 gaudio,
2661 2115 2805 2183 quod
2854 2132 3012 2184 supra
3044 2120 3318 2185 pmprinm
3369 2122 3624 2188 gaudium

2052 2200 2143 2262 sit,
2203 2202 2445 2271 indiget,
2509 2206 2611 2259 etsi
2673 2221 2767 2274 per
2817 2207 3176 2273 ignorantiam
3237 2220 3380 2277 putet
3426 2213 3629 2265 sentire

2052 2293 2231 2361 qualia
2263 2296 2498 2349 nondum
2529 2302 2782 2364 senserit,
2818 2300 2919 2353 hac
2950 2300 3133 2354 bet-ilia
3161 2304 3393 2370 nonjam
3429 2304 3625 2372 fruita,

2049 2387 2514 2453 quemadmodum
2558 2404 2617 2444 se
2657 2392 2831 2445 credit
2862 2392 2999 2446 uilici
3039 2395 3131 2463 qui
3164 2411 3357 2464 panem
3391 2398 3629 2451 crassio—

2055 2490 2169 2531 rem
2203 2479 2439 2534 comedit
2472 2521 2486 2545 ,
2527 2483 2756 2537 multum
2790 2492 2971 2539 tamen
3023 2503 3051 2539 a
3102 2487 3261 2554 panis
3315 2489 3626 2545 de1eetalrili

2056 2585 2249 2638 sapore
2270 2573 2561 2627 distantem
2588 2612 2603 2638 ,
2641 2576 2768 2645 quia
2804 2577 3047 2632 nondum
3098 2595 3291 2649 panem
3355 2582 3626 2637 triticeum

2055 2666 2376 2734 gustaverit.

2128 2757 2214 2813 78.
2251 2760 2378 2814 Post
2412 2760 2756 2828 Spiritualem
2816 2764 2998 2819 cordis
3037 2781 3132 2835 per
3189 2769 3415 2837 gratiam
3472 2773 3630 2826 unio-

2056 2865 2201 2916 nem,
2223 2852 2427 2921 absque
2453 2868 2642 2908 errore
2668 2854 2722 2909 in
2753 2857 3022 2925 spirituali
3048 2858 3253 2915 lumine
3278 2877 3433 2917 mens
3455 2864 3622 2931 videt,

2054 2952 2106 2996 et
2137 2944 2203 2996 ad
2239 2943 2290 2997 id
2344 2945 2490 3012 quod
2531 2946 2680 3016 cupit
2708 2950 3045 3015 extenditur,
3078 2952 3143 3006 ad
3195 2950 3362 3009 Deum
3413 2971 3627 3024 nempe,

2058 3033 2282 3087 omnino
2312 3045 2463 3089 extra
2498 3052 2695 3092 sensus
2748 3042 3071 3107 constituta,
3113 3044 3322 3113 absque
3362 3046 3548 3101 colore
3577 3057 3629 3103 et

392 3125 490 3180 καὶ
517 3125 731 3191 ἄποιος,
749 3121 860 3177 ’καὶ
897 3122 1241 3191 άφάνταστος
1292 3122 1803 3191 ἀποκαθιπάμενος
1842 3127 1963 3187 ταῖς

2061 3126 2357 3192 quantitate
2380 3164 2396 3189 ,
2454 3135 2509 3182 et
2541 3129 2797 3184 omnibus
2855 3130 3194 3187 sensibilium
3229 3134 3632 3206 imaginationi-

394 3215 720 3288 φαντασίαις
747 3215 856 3268 τῶν
884 3212 1179 3283 αἰσθητῶν.

461 3308 558 3363 οθν.
591 3306 737 3370 Νοῦς
767 3306 873 3359 ὑπὸ
900 3304 1002 3375 τῆς
1030 3303 1251 3375 χάριτος
1277 3304 1358 3366 είς
1381 3303 1441 3356 :6
1471 3303 1698 3375 θεωρεῖν
1735 3306 1965 3376 ὁδηγού-

2051 3215 2154 3271 btts
2181 3216 2372 3271 libera.

2116 3310 2207 3364 79.
2254 3310 2408 3365 Meus
2456 3315 2627 3383 gratia
2679 3316 2745 3369 ad
2802 3320 3281 3387 contemplandum
3371 3324 3630 3391 adducta,

395 3416 575 3471 μενος,
617 3398 695 3475 ὡς
726 3380 941 3469 άληθῶς
975 3396 1151 3467 μάννα
1178 3394 1268 3449 διὰ
1298 3395 1497 3459 παντὸς
1526 3398 1694 3451 ἐσθίει
1725 3415 1965 3470 πνευμα-

2061 3416 2175 3455 vcre
2200 3419 2394 3459 manna
2426 3406 2706 3475 spirituale
2728 3410 2983 3468 comedit.
3016 3409 3282 3468 Sensibile
3312 3415 3458 3470 enim
3484 3432 3635 3469 man-

389 3492 560 3546 τικόν.
595 3472 807 3561 ’ἴδ’γάρ
854 3490 918 3560 δὴ
952 3488 1208 3559 αἰσθητὸν
1260 3490 1457 3558 μάννα,
1509 3490 1646 3559 ὅπερ
1678 3492 1706 3543 6
1748 3492 1965 3562 Ἰσραὴλ

389 3583 601 3653 ῆσθιεν,
638 3580 785 3651 εἶχεν
819 3581 1069 3651 ἐνήδονον
1098 3579 1374 3648 ἀξιόλογον
1396 3581 1629 3651 δύναμιν
1656 3583 1814 3652 σῶμα
1838 3583 1964 3654 τρέ.

393 3691 599 3741 φουσαν
617 3691 634 3706 ’
654 3673 784 3727 τίδὲ
813 3675 912 3742 τὴν
941 3671 1129 3725 οὐσίαν
1159 3675 1336 3725 ἐκεῖνο
1364 3668 1453 3741 ἦν,
1486 3675 1850 3744 ἀγνοούμενον
1871 3670 1961 3746 ἦν.

392 3764 563 3817 Ὅθεν
586 3765 679 3817 καὶ
706 3764 881 3834 μάννα
914 3764 1342 3835 προσηγόρευτο,
1362 3765 1627 3835 δηλούσης
1651 3767 1749 3834 τῆς
1767 3766 1966 3831 λέξεως

392 3855 454 3909 τδ
505 3854 865 3926 ἀγνώριστον.
899 3855 965 3907 Τί
1010 3857 1119 3925 γὰρ
1161 3855 1356 3921 τοῦτο;
1393 3857 1426 3925 ἠ
1454 3855 1600 3921 λέξις
1640 3856 1814 3926 δηλοί.
1856 3856 1966 3909 Καὶ

394 3947 531 4013 ὅπερ
559 3944 744 4016 ἐώρων
772 3944 1066 4009 ἐσθίοντες,
1101 3946 1292 3999 τούτου
1324 3946 1421 4016 τὴν
1468 3946 1657 4000 οὐσίαν
1691 3947 1766 4017 μὴ
1796 3949 1966 4016 ἐγνω-

392 4035 570 4100 κότες,
601 4038 1054 4106 ἀπορηματικῶς,
1090 4038 1155 4091 Τί
1188 4037 1346 4091 τοῦτό
1394 4041 1585 4105 ἐστιν;
1625 4039 1830 4109 ἔλεγον.
1862 4042 1966 4096 Διά

392 4126 594 4188 παντὸς
624 4126 687 4197 δὴ
733 4129 828 4180 καὶ
856 4127 1248 4197 δθεωρητικὸς
1299 4128 1577 4192 ἐξίσταται
1626 4131 1769 4183 κατά
1814 4130 1961 4198 νοῦν,

391 4220 483 4272 καὶ
511 4218 643 4289 πρὸς
672 4221 886 4287 ἑαυτὸν,
919 4221 985 4273 Τί
1029 4221 1185 4273 τοῦτο
1212 4237 1225 4284 ;
1262 4221 1425 4291 φησίν
1446 4238 1461 4253 ο
1505 4222 1643 4292 ὅπερ
1679 4223 1963 4293 εὐφραίνει

392 4309 492 4377 μὲν
526 4310 922 4381 θεωρούμενον,
957 4310 1050 4364 καὶ
1081 4311 1281 4366 πιαίνει
1310 4310 1401 4363 τὸν
1423 4310 1547 4364 νοῦν
1579 4313 1963 4381 πνευματικῶς

390 4398 727 4468 ἐσθιόμενον,
761 4401 1149 4473 ὕπερεκϐαίνει
1178 4402 1235 4454 δὲ
1269 4401 1327 4455 τὸ
1361 4402 1597 4455 νοεῖσθαι
1631 4403 1753 4455 καθ’
1779 4405 1962 4466 ἑαυτὸ,

391 4489 467 4550 ὡς
502 4490 645 4544 θεῖον
671 4492 731 4544 ὃν
764 4494 858 4545 καὶ
891 4493 1191 4563 ὑπερφυὲς,
1225 4494 1320 4545 καὶ
1369 4494 1566 4561 τρέφον
1622 4496 1958 4564 παραδόξως,
1986 4484 2030 4541 Π

389 4580 482 4631 καὶ
506 4579 664 4648 άρδον
686 4582 777 4635 τὸν
801 4583 945 4646 νοῦν,
972 4584 1069 4653 τὴν
1087 4584 1180 4636 τοῦ
1205 4584 1296 4637 νοῦ
1323 4585 1657 4639 κατάστασιν
1688 4588 1966 4657 ύπεκφεύ-

390 4685 497 4735 γει,
536 4673 595 4723 οὐ
639 4676 797 4740 μόνον
824 4674 897 4725 di:
929 4676 1313 4745 ἀκατάληπτον
1340 4677 1439 4750 τὴν
1463 4677 1676 4745 οὐσίαν,
1709 4679 1844 4733 ἀλλά
1870 4683 1965 4736 καὶ

388 4758 465 4821 ὡς
496 4762 723 4833 ἄπειρον
751 4765 843 4817 καὶ
869 4765 1138 4835 ἀόριστον.

470 4865 544 4920 π’.
580 4867 719 4937 Τρία
752 4871 859 4923 εἰσὶ
888 4872 953 4923 τά
978 4875 1359 4943 μαρτυροῦντα
1380 4879 1446 4948 τῇ
1478 4880 1725 4954 ἀληθείᾳ,
1763 4885 1970 4958 εἴποιμ’

392 4955 459 5009 ἂν
496 4958 587 5009 καὶ
631 4960 793 5023 αὐτὸς
838 4963 978 5014 κατά
1007 4966 1068 5016 τί)
1107 4967 1286 5030 εἰκός·
1324 4971 1356 5039 ἠ
1391 4971 1648 5047 κτίσις,ή
1689 4978 1879 5051 Γραφὴ
1913 4955 1969 5035 ἐν

390 5045 472 5116 τῷ
506 5048 773 5118 πνεύματι
804 5052 911 5122 (ἐκ
941 5055 1049 5123 γὰρ
1082 5059 1181 5127 τῆς
1215 5058 1435 5130 Γραφῆς
1467 5065 1564 5118 καὶ
1597 5045 1695 5137 τῆς
1737 5045 1969 5137 κτίσεως

392 5140 788 5233 πνενματικῶς
850 5144 1143 5214 δρωμένων
1224 5147 1570 5225 θεωρεῖταιή
1624 5157 1762 5227 μόνη
1822 5161 1968 5233 ἁπλῆ

394 5226 685 5298 ἀλήθεια),
726 5232 817 5283 καὶ
850 5234 882 5302 ἡ
913 5235 976 5287 ἐκ
1020 5235 1225 5306 ταύτης
1275 5241 1548 5306 σύνθετος.
1585 5248 1693 5300 Καὶ
1732 5226 1821 5303 διὰ
1860 5226 1968 5307 τῶν

392 5316 703 5385 εἰρημένων
739 5322 907 5391 τριῶν
932 5326 1222 5397 γενόμενος
1250 5332 1308 5382 ἐν
1332 5335 1445 5395 τοῖς
1477 5334 1675 5405 ἐφεξῆς
1704 5338 1843 5404 δυσὶ,
1872 5344 1968 5398 καὶ

393 5408 683 5477 ίστάμενος
710 5414 767 5463 ἐν
815 5414 1019 5481 αὐτοῖς,
1068 5419 1281 5492 ἀπλανῆ
1325 5422 1545 5493 εῦρατο,
1597 5430 1832 5500 Χριστοῦ
1869 5436 1965 5503 χά-

392 5520 519 5600 ριτι,
556 5507 658 5600 τῆν
681 5508 798 5562 ὁδόν
818 5527 831 5541 ο
865 5512 1093 5583 ἐπέτυχε
1132 5516 1240 5587 γάρ
1268 5520 1330 5571 ἐκ
1360 5520 1458 5589 μὲν
1488 5521 1586 5591 τῆς
1619 5525 1801 5598 ἁπλῆς
1827 5530 1961 5600 ἀλη-

391 5594 562 5661 θείας,
599 5596 766 5668 ὕψους
797 5602 1012 5671 νοητοῦ,
1048 5607 1140 5659 καὶ
1164 5607 1383 5675 βάθους,
1418 5610 1497 5665 ἔτι
1521 5630 1579 5665 τε
1608 5618 1700 5669 καὶ
1726 5617 1964 5686 πλάτους

389 5685 618 5779 ἀπείρου
641 5704 653 5717 ⁸
685 5689 753 5742 δι’
777 5689 813 5744 ἀ
844 5693 937 5745 καὶ
972 5695 1051 5757 είς
1086 5696 1349 5769 ἔκπληξιν
1398 5705 1692 5769 καταστὰς,
1726 5685 1964 5779 ἔμφοϐος

388 5774 579 5845 ὑμνεῖ·
614 5780 675 5833 ἐκ
702 5781 757 5835 δέ
790 5799 853 5852 γε
878 5787 979 5855 τῆς
1010 5787 1291 5859 συνθέτου,
1322 5792 1455 5865 πρὸς
1491 5798 1600 5860 τοῖς
1625 5774 1961 5872 λεγομένοις,

2052 3508 2119 3546 na
2148 3494 2292 3562 quod
2336 3496 2683 3550 manducavit
2727 3497 2916 3564 Israel,
2972 3500 3204 3556 habebat
3255 3503 3628 3560 delectabilem

2051 3585 2270 3653 quidem
2305 3597 2358 3642 et
2383 3588 2601 3656 dignam
2637 3591 2892 3646 virtutem
2918 3608 3114 3663 corpus
3138 3596 3415 3667 nqtriendi
3451 3615 3464 3664 ;
3498 3600 3627 3667 quid

2053 3694 2182 3733 vero
2213 3680 2345 3735 illud
2378 3682 2812 3739 substantialiter
2841 3660 3342 3755 essen-ignombat.
3383 3660 3537 3746 unde
3578 3701 3633 3747 et

2055 3787 2257 3827 manna
2300 3776 2709 3843 nominabatur,
2743 3793 2851 3844 quo
2886 3782 3104 3834 nomine
3139 3780 3444 3851 ignorantia
3488 3785 3631 3839 iudi-

2054 3877 2227 3920 catur.
2290 3866 2433 3934 Quid
2466 3869 2776 3924 enimkoc?
2830 3873 3057 3927 verbum
3114 3875 3413 3945 signiﬁcat.
3470 3879 3627 3945 Quod

2050 3957 2310 4013 videbant
2334 3960 2705 4024 contedentes,
2730 3963 2895 4031 hujus
2912 3964 3275 4019 substantiam
3300 3970 3630 4036 nescientes.

2050 4063 2154 4103 nec
2169 4062 2287 4103 eam
2314 4049 2598 4106 nominare
2628 4055 2903 4119 volentes,
2932 4057 3059 4121 quid
3079 4066 3157 4110 est
3185 4063 3279 4112 hoc
3304 4061 3331 4113 .'
3356 4061 3629 4115 dicebant.

2057 4140 2288 4210 Semper
2318 4141 2534 4211 quidem
2564 4154 2617 4198 et
2645 4145 3104 4215 contemplativus
3137 4167 3315 4205 nitente
3346 4154 3548 4217 deficit,
3577 4162 3633 4207 et

2054 4234 2121 4287 ad
2180 4235 2419 4303 seipsum
2454 4252 2467 4289 :
2500 4237 2628 4306 quid
2658 4250 2732 4291 est
2755 4242 2851 4292 hoc
2873 4240 3089 4310 htieit;
3136 4246 3279 4312 quod
3351 4256 3631 4313 aspectum

2057 4326 2293 4380 laetiﬁcat
2324 4336 2377 4382 et
2401 4329 2563 4382 satiat
2599 4340 2832 4383 tuentem
2852 4331 3212 4400 spiritualitcr
3233 4339 3631 4405 comedentem,

2056 4418 2146 4478 sed
2197 4421 2577 4489 cogitationem
2635 4432 3085 4497 superat,utpote
3136 4428 3376 4484 divinum
3435 4441 3486 4486 et
3536 4448 3632 4487 su-

2056 4518 2422 4588 pern‘tturale,
2494 4526 2548 4573 et
2610 4521 2748 4573 miro
2808 4520 2968 4573 modo
3027 4522 3281 4577 nutriens
3337 4529 3391 4576 et
3439 4534 3633 4592 potans

2057 4617 2347 4674 mentem;
2414 4608 2532 4676 ejus
2583 4625 2711 4662 vero
2771 4609 3137 4665 conditionem
3194 4615 3630 4682 supergreditur,

2056 4716 2163 4754 non
2200 4699 2362 4753 modo
2394 4701 2519 4769 quia
2568 4710 2758 4755 mtura
2824 4700 3371 4772 incomprehensibde
3399 4713 3503 4768 est,
3536 4706 3632 4758 sed

2055 4798 2109 4846 et
2138 4792 2262 4859 quia
2296 4790 2567 4846 inﬁnitum
2595 4806 2658 4846 ac
2701 4792 3141 4847 interminatam.

2126 4881 2214 4937 80.
2251 4881 2375 4937 Tria
2408 4891 2535 4937 sunt
2566 4898 2688 4951 quae
2724 4884 2934 4939 veritati
2981 4884 3345 4939 testimonium
3377 4886 3629 4951 reddunt,

2058 4975 2231 5030 dicam
2256 4990 2357 5045 ego
2387 4992 2449 5029 ac
2475 4976 2666 5031 nwrito
2690 4992 2709 5043 i;
2740 4977 2966 5043 creatio,
3001 4976 3286 5048 Scriptura
3321 4980 3372 5032 in
3435 4981 3630 5049 spiritu

2058 5065 2143 5135 (ex
2187 5064 2469 5135 Scriptura
2490 5068 2634 5121 enim
2663 5079 2718 5123 et
2755 5070 3036 5124 creatione
3088 5070 3443 5140 spiritualitcr
3503 5074 3632 5127 visis

2058 5158 2322 5227 aspicitur
2368 5159 2482 5212 sola
2539 5160 2770 5229 simplex
2813 5160 3080 5231 veritas),
3132 5171 3185 5217 et
3233 5180 3353 5232 quae
3401 5180 3466 5217 ex
3515 5164 3631 5234 ipsa

2058 5251 2425 5317 componitur.
2456 5253 2517 5306 Et
2539 5251 2630 5321 qui
2658 5268 2751 5322 per
2784 5254 2895 5307 haec
2924 5253 3026 5308 tria
3080 5257 3133 5309 in
3162 5256 3377 5311 duobus
3411 5271 3633 5312 succes-

2058 5343 2170 5398 sive
2194 5343 2374 5397 fastus
2403 5353 2511 5410 est,
2570 5345 2623 5399 in
2654 5345 2833 5415 iisque
2889 5356 3019 5412 stat,
3094 5363 3366 5413 securam,
3426 5347 3629 5403 Christi

2055 5436 2250 5505 gratia,
2298 5437 2437 5489 viam
2487 5437 2725 5492 invenit:
2781 5440 3019 5493 occurrit
3074 5439 3215 5493 enim
3273 5454 3341 5494 ex
3400 5440 3631 5508 simplici

2056 5529 2305 5592 veritate,
2326 5529 2596 5597 spirituali
2630 5530 2942 5585 celsitudini
2974 5541 3027 5585 et
3054 5532 3327 5585 altitudini
3364 5543 3415 5586 et
3448 5533 3628 5586 inlini-

2055 5620 2276 5686 tudini;
2317 5621 2510 5690 quibus
2535 5623 2587 5675 in
2635 5623 3047 5678 admirationem
3080 5624 3437 5686 constitutus,
3478 5641 3634 5679 reve-

2059 5714 2183 5769 rens
2225 5715 2452 5784 hymnos
2482 5715 2645 5770 canit.
2679 5713 2754 5769 Ex
2791 5730 2853 5770 ea
2885 5724 3065 5769 autem
3111 5730 3232 5784 qua:
3262 5718 3629 5787 componitur,

2051 5810 2252 5874 praeter
2282 5802 2391 5861 duo
2417 5803 2522 5861 alia
2553 5804 2619 5862 de
2646 5804 2847 5879 quibus
2882 5805 3047 5864 locuti
3094 5822 3304 5875 sumus,
3357 5817 3412 5866 et
3450 5810 3630 5867 cordis
