3996 6202
315 325 418 389 917

1439 314 1538 379 DE
1565 316 1745 375 Vl'l‘A
1764 309 2295 377 CONTEMPLATI
2308 311 2393 370 VA

3449 300 3556 361 918

316 458 480 512 quam
500 440 555 492 in
582 451 804 509 pignore
823 421 1139 497 futurorum
1160 444 1599 502 aeternorumque
1623 432 1888 485 bonorum
1920 454 1933 492 λ

2021 444 2183 496 ἠται,
2212 428 2269 478 ἐν
2304 422 2674 491 ταπεινότητι,
2710 418 2805 477 καί
2835 417 3117 488 ἁπλότητι,
3138 415 3234 470 καὶ
3262 416 3443 467 πίστει
3473 413 3563 466 διὰ

318 538 353 589 l4.
372 534 632 600 uitioncttt
675 538 879 600 gustat.

1998 521 2097 590 τῆς
2147 519 2453 587 μαρτυρίας
2494 517 2593 585 τῆς
2641 513 2887 585 Ιῗραφῆς,
2929 514 3022 565 καὶ
3071 510 3172 579 τῆς
3226 508 3453 568 κτίσεως
3507 508 3563 558 ὲν

320 630 611 700 πνεύματι
634 627 858 699 θεωρῶν
902 629 1001 698 τὴν
1048 625 1333 696 ἀλήθειαν,
1376 625 1474 679 καὶ
1523 621 1683 677 πάλιν
1717 616 2166 684 ὲπανακάμπτων
2210 615 2296 677 είς
2347 615 2415 667 τὰ
2460 612 2584 666 ὅθεν
2636 611 2945 681 κεκίνηται.
2994 610 3105 663 Καὶ
3143 608 3285 661 οὕτω
3328 607 3556 675 θεούμε-

322 743 409 787 νος
441 725 717 795 ὁσημέραι
760 722 851 775 διὰ
894 719 995 789 τῆς
1029 721 1273 790 χάριτος,
1323 720 1420 773 καὶ
1465 718 1535 784 τά
1580 716 1721 787 ὑπὲρ
1766 714 1893 767 νοῦν
1921 709 2355 779 ὲλλαμπόμενος,
2405 707 2498 760 καὶ
2541 707 2688 776 ζωὴν
2731 706 2840 771 ζῶν
2889 706 3069 775 πάσης
3117 705 3295 773 χαρᾶς
3344 703 3570 772 Εμπλεω

322 825 383 881 ἐν
447 822 668 893 Χριστῷ
725 819 805 891 τῷ
861 817 1053 891 Κυρίῳ
1092 818 1274 888 ἡμῶν,
1329 815 1404 879 ὡς
1469 808 2157 886 ὲν,ἀῤῥα6ῶνιξγεύεται
2224 805 2325 875 τῆς
2380 803 2739 867 ἀπολαύσεως
2786 801 2903 855 τῶν
2947 800 3259 871 μελλόντων
3327 800 3566 852 αἰωνίων

327 916 572 971 ἀγαθῶν.

404 935 572 969 αυων.

365 935 483 1049 Y1-H.
512 994 942 1062 Coutemplativa
975 993 1078 1046 vita
1106 992 1189 1047 liis
1221 992 1397 1047 tribus
1456 1001 1708 1047 constare
1752 992 1912 1054 solet,

327 1087 538 1145 sincera
596 1094 649 1139 et
706 1085 1241 1153 irreprelicnsibiiis;
1296 1083 1421 1149 tide,
1472 1084 1616 1151 dico,
1678 1082 1914 1152 Spiritus

328 1177 503 1237 sancti
532 1178 679 1232 clara
710 1176 1126 1246 participatione
1164 1184 1217 1231 et
1246 1174 1531 1243 sapientiae
1577 1174 1912 1243 cognitione.

329 1269 729 1336 Contemplatio
758 1284 901 1320 enim
933 1278 1036 1332 est,
1069 1276 1129 1331 ut
1176 1269 1332 1337 quasi
1392 1280 1489 1335 per
1540 1265 1911 1319 deﬁnitionem

333 1359 546 1429 loquar,
580 1360 950 1429 cogitabilium
1003 1359 1057 1422 in
1119 1358 1470 1413 scusibilibus
1516 1358 1778 1427 cognitio.
1809 1356 1916 1410 Ali-

342 1451 565 1519 quando
595 1466 721 1505 vero
750 1459 803 1504 et
836 1453 983 1517 puris
1014 1449 1395 1519 cogitabilibus
1428 1465 1458 1503 a
1492 1464 1655 1503 sensu
1698 1463 1917 1518 separa-

336 1543 404 1608 tis
436 1544 486 1595 in
518 1543 583 1597 iis
608 1542 699 1612 qui
738 1542 1067 1611 proficiunt:
1105 1546 1248 1595 unde
1281 1555 1419 1609 opus
1456 1549 1540 1595 est
1573 1541 1697 1595 (ille.
1757 1559 1775 1592 ι
1802 1539 1915 1596 Nisi

333 1633 692 1696 credideritis,
734 1633 1067 1704 inqttit,'non
1127 1634 1476 1703 intelligetis;
1506 1652 1523 1685 ι
1556 1648 1696 1702 opus
1742 1639 1825 1688 est
1865 1642 1919 1687 et

335 1724 626 1795 spiritu,lin
647 1734 911 1791 quantum
940 1743 959 1776 ι
975 1725 1210 1793 Spiritus
1230 1726 1413 1779 omnia
1435 1732 1731 1790 scrutatur,
1754 1725 1917 1778 etiam

336 1817 604 1888 profunda
635 1817 755 1883 Dei.
777 1834 795 1871 ο
842 1816 992 1871 Unde
1025 1817 1247 1871 divinus
1274 1814 1377 1871 Job
1403 1816 1578 1870 dixit:
1612 1834 1630 1867 ι
1662 1814 1919 1883 Omnipo-

339 1910 505 1969 tentis
553 1909 833 1977 iuspiratio
866 1920 1094 1978 estquae
1137 1924 1224 1963 me
1264 1908 1506 1963 docuit.»
1569 1907 1773 1962 Deinde
1829 1908 1917 1961 illa

338 2001 523 2065 divina
557 2001 821 2069 eﬂicacia,
852 2002 905 2055 iu
935 2000 1099 2055 corde
1131 2000 1431 2064 imulllans,
1456 2010 1531 2066 et,
1564 2001 1712 2054 utita
1742 1999 1918 2053 dicam

341 2093 531 2148 vivens
566 2103 617 2148 et
646 2100 1047 2164 consequenter
1088 2093 1582 2163 superuaturaliter
1610 2091 1919 2155 viviﬁcaus,

335 2182 402 2247 ad
432 2182 666 2252 scipsam
705 2196 937 2237 mentem
955 2183 1230 2238 adducens
1259 2198 1377 2236 eam
1406 2180 1753 2237 iueﬂ‘abiliter
1796 2196 1922 2250 per-

347 2275 519 2340 cellit,
570 2284 624 2329 et
661 2290 781 2328 eam
817 2290 1106 2331 removens
1159 2274 1227 2328 ab
1261 2275 1411 2327 omni
1454 2275 1693 2327 vanitate
1756 2274 1921 2342 eique

342 2382 529 2434 pacem
565 2378 619 2423 et
668 2368 926 2437 gaudium
982 2379 1036 2423 et
1085 2368 1516 2423 consolationem
1565 2375 1623 2422 et
1678 2367 1923 2421 divinam

339 2459 657 2516 rharitatem
692 2472 1053 2529 prmstanswt
1077 2461 1234 2515 facile
1257 2461 1439 2516 divina
1478 2459 1659 2515 videre
1687 2459 1927 2529 possitet

339 2556 547 2610 circum
568 2556 656 2610 illa
676 2556 808 2611 verti
825 2568 877 2610 et
899 2556 1063 2610 Deum
1084 2573 1223 2611 novo
1254 2556 1412 2611 modo
1435 2556 1723 2625 imaginari
1750 2569 1927 2623 eoque

343 2660 741 2716 consequenter
767 2640 936 2704 laetari
969 2666 1093 2707 cunt
1140 2651 1345 2716 maiore
1375 2650 1641 2704 cltaritate
1668 2657 1720 2703 et
1754 2645 1927 2701 simili

343 2742 732 2795 exsultatione.
760 2740 914 2810 Opus
948 2749 1032 2795 cst
1063 2750 1119 2795 et
1154 2741 1447 2809 sapientia,
1499 2750 1555 2792 ut
1581 2739 1692 2792 dixi
1722 2757 1737 2804 ;
1797 2739 1927 2807 quia

352 2835 670 2902 asapientia,
690 2834 868 2903 inquit
889 2833 1195 2901 Scriptura,
1215 2834 1487 2887 illuminat
1517 2834 1724 2886 vultum
1754 2832 1931 2885 humi-

348 2925 455 2989 nis.
482 2942 499 2974 ι
524 2923 798 2978 llluminat
816 2940 936 2978 eum
964 2936 1072 2979 uta
1114 2926 1373 2978 sensibus
1434 2923 1502 2977 ad
1541 2922 1929 2990 cogitationem

350 3017 537 3086 rapide
560 3019 803 3084 feratur;
828 3024 924 3072 eta
944 3017 1300 3070 SCIlSlbilllJUS
1317 3017 1383 3070 ad
1411 3015 1723 3084 cogitabilia
1765 3024 1821 3069 et
1842 3015 1929 3069 di-

352 3111 476 3172 \jina
516 3108 825 3178 spectacula
862 3109 1087 3176 redeat;
1130 3108 1250 3161 etin
1278 3107 1549 3177 spirituali
1596 3108 1933 3163 revelatione

352 3200 647 3258 inell‘aliilia
669 3201 889 3267 videat;
916 3202 1191 3253 illuminat
1217 3200 1371 3254 illum
1400 3211 1459 3254 ut
1482 3198 1777 3253 manifeste
1801 3214 1936 3254 con-

356 3293 652 3360 temptetur
671 3304 726 3346 et
746 3293 1093 3345 uuil'ormiter
1119 3291 1711 3361 supersubstantialem
1769 3292 1942 3345 Deum

350 3385 696 3454 intagiiietur.
716 3384 923 3445 Dicitur
937 3385 1080 3439 enim
1096 3384 1295 3439 alicubi
1318 3402 1367 3439 ιι
1388 3383 1589 3438 Beatus
1609 3382 1770 3437 homo
1785 3397 1943 3453 quem

352 3488 410 3550 tu
432 3477 731 3550 erudieris,
749 3476 1062 3542 Domine,et
1081 3477 1145 3529 de
1194 3477 1309 3547 lege
1348 3485 1464 3539 tua,
1491 3475 1748 3529 docueris
1790 3489 1939 3528 eum:

354 3572 481 3638 quia
501 3571 615 3639 ipse
632 3580 713 3624 est
739 3570 1186 3637 reverasapieus,
1213 3584 1305 3637 per
1346 3569 1649 3623 doctrinam
1697 3569 1763 3622 ad
1786 3568 1943 3621 (idem

364 3661 664 3732 procedens
690 3672 744 3715 et
764 3661 1000 3730 Spiritus
1021 3662 1328 3715 eruditione
1351 3676 1551 3716 arcana
1581 3658 1672 3715 Det
1693 3659 1943 3728 discens;

364 3769 559 3827 utagna
602 3767 727 3807 vere
760 3768 846 3808 res
868 3764 970 3819 est,
1010 3752 1228 3821 sapiens
1297 3769 1391 3820 per
1442 3752 1604 3807 (idem
1659 3760 1710 3806 in
1739 3752 1943 3806 unione

362 3854 419 3908 et
477 3844 897 3914 partietpatione
957 3845 1362 3911 Supernaturali
1430 3845 1607 3899 sancti
1679 3844 1940 3914 Spiritus.

363 3938 430 4009 Et
463 3952 588 3990 Vere
620 3935 723 3989 tria
756 3943 905 4000 sunt,
937 3945 994 3988 tit
1058 3934 1284 3995 dicitur,
1321 3935 1702 3991 iuvincibilia:
1767 3936 1939 4002 Deus,

360 4028 606 4096 angelus,
662 4034 715 4081 et
750 4027 829 4080 vir
858 4027 1103 4093 sapiens,
1166 4028 1295 4096 quia
1323 4028 1551 4099 angelus
1603 4030 1741 4084 alter
1775 4039 1858 4083 est
1887 4031 1940 4085 in

362 4132 509 4184 terra
546 4136 688 4173 novo
708 4120 905 4185 modo;
937 4119 1336 4187 contemplator
1364 4120 1941 4182 omninocreatiouis,

360 4225 415 4266 ct
444 4196 695 4265 sincerus
734 4210 825 4263 Dei
861 4210 1228 4265 increatarum
1265 4209 1475 4263 viarum
1499 4210 1714 4277 doctor,
1748 4211 1854 4274 vel,
1895 4211 1941 4267 si

363 4305 557 4359 melius
586 4303 877 4359 dicendum
905 4310 1011 4367 est,
1037 4301 1347 4355 divinorum
1380 4301 1675 4368 donorum,
1696 4304 1797 4358 sibi
1823 4302 1943 4358 sine

361 4396 531 4448 dubio
566 4393 859 4463 providens
887 4391 1186 4447 invisibilis
1214 4392 1389 4461 ipsius
1424 4391 1516 4446 Dei
1550 4408 1645 4462 per
1680 4392 1941 4461 frequen-

364 4500 443 4551 tes
474 4500 678 4550 motus,
710 4486 1030 4557 angelorum
1058 4499 1207 4539 more
1225 4486 1619 4557 cognitionem.
1654 4483 1803 4547 Talis
1832 4494 1936 4552 est,

363 4596 522 4649 quem
557 4580 978 4648 descripsimus,
1019 4578 1112 4648 qui
1142 4593 1236 4648 per
1268 4580 1428 4633 Iidem
1465 4579 1520 4633 in
1546 4592 1736 4634 sancto
1767 4578 1941 4649 Spiri-

367 4686 442 4735 tu,
476 4684 558 4728 est
593 4674 832 4743 sapiens,
864 4680 1030 4741 atque
1076 4672 1148 4726 ita
1208 4672 1421 4729 beatus.
1488 4672 1556 4743 Et
1587 4688 1741 4739 _vero
1808 4673 1942 4727 mibi

366 4767 665 4831 sutlieiuut,
729 4770 787 4817 ut
839 4765 989 4819 omni
1052 4779 1192 4831 cura.
1256 4766 1462 4831 solvar,
1519 4766 1803 4835 sapientiae
1889 4772 1946 4821 et

364 4862 550 4930 gratia:
581 4859 688 4911 vim
716 4868 769 4911 et
790 4860 981 4913 laudes
1002 4872 1292 4923 enarratis,
1325 4873 1448 4927 qua:
1476 4860 1655 4927 Lucas
1688 4860 1741 4913 in
1764 4859 1946 4913 Evan-

363 4957 521 5021 genis
562 4952 727 5018 τυίιειρι
754 4952 821 5005 de
851 4949 981 5006 Jesu
1012 4951 1270 5013 Domino.
1332 4952 1409 5004 lta
1443 4951 1590 5005 enim
1623 4950 1675 5005 in
1708 4951 1944 5020 quodam

363 5046 656 5113 Scriptura-
680 5044 1060 5113 loetiloqnitur
1088 5061 1103 5100 :
1132 5062 1151 5099 ι
1186 5044 1244 5099 lu
1276 5044 1485 5113 quibus
1514 5046 1827 5114 proficiebat
1860 5062 1947 5101 sa—

366 5136 569 5204 pientia
592 5144 814 5191 etattate
832 5147 887 5192 et
909 5141 1139 5208 gratiam
1177 5140 1238 5193 Et
1264 5154 1480 5193 rursum
1506 5156 1551 5192 ει
1582 5137 1949 5197 Crescebatet

365 5224 735 5305 invalescebat
758 5227 987 5295 Spiritu,
1025 5229 1218 5297 plenus
1258 5231 1581 5295 sapientia.»
1630 5230 1782 5283 Nttnt‘
1820 5245 1948 5286 vero

365 5316 567 5370 clarius
598 5319 663 5371 de
695 5321 987 5386 propositis
1035 5321 1429 5390 loquitupieus
1494 5338 1558 5374 rx
1604 5324 1839 5375 riiinrali
1880 5325 1949 5388 iis

366 5427 484 5475 qua:
509 5410 638 5463 dicit
664 5410 920 5465 Salomon
950 5415 1015 5466 ad
1046 5412 1237 5467 Deum.
1271 5434 1286 5463 ι
1316 5420 1446 5478 Qua:
1492 5417 1540 5465 in
1602 5417 1756 5469 coelis
1818 5425 1951 5472 sunt

365 5504 487 5569 quis
514 5490 897 5571 itivestigavit?
928 5504 1223 5559 Consilium
1265 5516 1443 5559 autem
1481 5514 1630 5558 tunzn
1682 5510 1803 5574 quis
1854 5524 1951 5562 co-

364 5597 549 5663 gnovit
572 5610 589 5662 ;
616 5597 721 5650 nisi
754 5605 809 5649 tu
841 5598 1058 5653 dederis
1078 5599 1426 5667 Sapientiam,
1453 5608 1506 5652 et
1539 5601 1753 5654 miseris
1778 5601 1955 5670 Spiri-~

365 5701 476 5739 tum
514 5701 765 5743 sanctum
799 5698 955 5745 tuum
1001 5692 1068 5747 de
1134 5694 1397 5761 excelsis,
1447 5704 1498 5747 et
1532 5695 1611 5750 sic
1670 5698 1951 5751 salvi-uter

362 5795 553 5838 corum
591 5783 685 5855 qui
713 5783 769 5843 in
800 5792 947 5842 terra
977 5794 1104 5843 sunt
1140 5785 1348 5843 semitae
1377 5803 1391 5854 ;
1426 5797 1481 5843 et
1516 5802 1637 5857 ιιυιε
1700 5785 1799 5843 tibi
1831 5787 1951 5860 pla-

2084 996 2196 1043 πα’.
2239 988 2299 1041 '0
2342 982 2673 1055 θεωρητικὸς
2726 980 2838 1049 βίος
2877 980 2963 1031 διὰ
2992 977 3161 1048 τριῶν
3188 975 3416 1028 τουτωνὶ
3450 989 3577 1024 συν-

2017 1082 2264 1136 ίστασθαι
2315 1078 2559 1146 πέφυκεν
2609 1066 2866 1143 ἀκέραιός
2924 1088 2983 1122 τε
3029 1070 3121 1123 καὶ
3170 1066 3575 1133 άνεπὶληπτος⁶

2012 1173 2153 1239 λέγω
2179 1170 2243 1235 δὴ
2274 1168 2530 1229 πίστεως,
2557 1163 2790 1234 μετοχῆς
2810 1158 3073 1229 ἐναργοῦς
3093 1157 3186 1211 τοῦ
3219 1157 3373 1223 ἁγίου
3408 1153 3579 1206 Πνεύ-

2015 1280 2203 1335 ματος,
2236 1260 2331 1313 καὶ
2364 1257 2554 1327 σοφίας
2603 1256 2880 1325 είδήσεως.
2915 1250 3129 1318 Θεωρία
3155 1248 3263 1317 γάρ
3301 1249 3470 1308 ἐστιν,
3504 1246 3579 1306 ὡς

2014 1360 2069 1409 ἐν
2101 1356 2211 1424 ὅρῳ
2242 1352 2427 1419 φάναι,
2460 1349 2658 1416 γνῶσις
2689 1344 2980 1414 νοητῶνὲν
3014 1343 3120 1411 ἄρα
3143 1342 3255 1402 τοῖς
3280 1340 3579 1407 αἰσθητοῖς,

2009 1449 2179 1500 ἐνίοτε
2213 1446 2271 1499 δὲ
2309 1444 2402 1498 καὶ
2418 1440 2589 1513 ψιλῶν
2604 1438 2808 1508 νοητῶν
2828 1434 3247 1505 κεχωρισμένων
3278 1432 3583 1499 αἰσθήσεως

2010 1543 2103 1592 ἐπὶ
2162 1538 2270 1590 τῶν
2310 1536 2496 1588 ἰόντων
2547 1532 2627 1595 είς
2671 1529 2991 1600 προκοπάς’
3043 1522 3360 1579 τούντεῦθεν
3404 1524 3485 1575 δεῖ
3516 1524 3582 1590 δὴ

2014 1630 2280 1690 πίστεωςο
2324 1646 2341 1677 ι
2394 1624 2519 1678 Ἐὰν
2548 1622 2656 1694 γὰρ
2689 1620 2764 1692 μὴ
2815 1618 3164 1689 πιστεύσητε,
3224 1616 3411 1686 φησὶν,
3472 1612 3581 1666 οὐδ’

2010 1722 2073 1775 οὐ
2108 1720 2183 1789 μὴ
2212 1718 2409 1787 συνῆτε
2430 1732 2443 1747 ·
2478 1733 2497 1767 ι
2530 1714 2605 1776 ὡς
2633 1713 2689 1766 δὲ
2718 1711 2782 1782 δὴ
2807 1712 2900 1765 καὶ
2930 1710 3069 1762 Πνεύ
3081 1725 3270 1779 ματος,
3303 1706 3495 1774 ἐφόσον
3522 1704 3584 1756 τὺ

2014 1813 2240 1879 Πνεῦμα
2265 1811 2443 1863 πάντα
2472 1806 2693 1878 ἐρευνᾷ,
2725 1804 2821 1865 καὶ
2847 1802 2916 1856 τὰ
2944 1801 3080 1871 βάθη
3116 1798 3209 1854 τοῦ
3236 1797 3395 1852 Θεοῦ.
3419 1797 3583 1851 Ὅθεν

2011 1907 2040 1958 ὁ
2062 1904 2203 1965 θεῖος
2228 1901 2329 1978 ἔφη
2375 1897 2525 1952 Ἰὠῦσ
2558 1916 2575 1948 ι
2608 1895 2751 1965 [Ινοὴ
2780 1892 3224 1962 Παντοκράτορος
3250 1892 3282 1959 ἠ
3304 1889 3585 1942 διδάσκου-

2016 1995 2085 2047 σά
2119 2009 2206 2062 με.
2240 2010 2257 2042 ι
2300 1991 2533 2043 Ἔπειτα
2566 1985 2941 2054 πεφυκότωςὴ
2973 1982 3113 2034 τοῦδ’
3147 1984 3202 2033 ἐν
3258 1980 3463 2050 καρδίᾳ.
3486 1980 3582 2047 δή·

2016 2084 2216 2141 πουθεν
2248 2080 2574 2143 ἀναζείουσα,
2602 2079 2666 2130 ἵν’
2690 2078 2831 2130 οὕτω
2857 2093 2963 2143 φω,
2990 2075 3160 2138 ζῶσα,
3188 2074 3279 2126 καὶ
3302 2072 3357 2137 ἐξ
3383 2073 3587 2142 ἑπομέ.

2016 2196 2106 2232 νου
2138 2173 2353 2240 ξωοῦσα
2381 2169 2764 2242 ὐπερκοαμίως
2791 2168 2913 2222 θεία
2942 2168 3191 2238 ἐνέργεια
3221 2165 3355 2235 πρδς
3379 2165 3583 2234 ἑαυτὴν

2020 2270 2364 2340 συμπτήσσει
2387 2264 2642 2334 ἀρρήτως
2669 2260 2979 2328 συνάγουσα
2996 2257 3086 2311 τὸν
3108 2254 3252 2321 νοῦν,
3271 2256 3364 2308 καὶ
3381 2255 3584 2317 παντὸς

2020 2358 2274 2430 ἀπείργει
2324 2355 2514 2409 τοῦτον
2571 2348 2979 2422 μετεωρισμοῦ,
3037 2346 3131 2401 καὶ
3183 2346 3412 2416 παρέχει
3449 2345 3587 2414 μετὰ

2019 2448 2282 2518 γαλήνης,
2317 2444 2408 2497 καὶ
2440 2442 2641 2511 πολλῆς
2682 2438 2972 2510 θυμηδίας,
3021 2435 3116 2490 καὶ
3163 2434 3586 2507 παρακλήσεως,

2023 2538 2119 2594 καὶ
2147 2535 2371 2608 προσέτι
2399 2532 2548 2595 θείας
2576 2532 2795 2601 ἀγάπης
2822 2546 2836 2560 ο
2873 2530 3047 2600 ῥᾷστα
3079 2526 3145 2580 τὰ
3171 2526 3289 2579 θεῖα
3315 2526 3469 2598 όρᾷν,
3492 2524 3589 2580 καὶ

2028 2633 2157 2699 περί⁵
2183 2626 2322 2681 αὐτὰ
2352 2621 2699 2695 στρέφεσθαι,
2732 2621 2826 2674 καὶ
2850 2621 2982 2673 Θεὸν
3012 2616 3377 2685 φαντάζεσθαι
3408 2632 3590 2668 καινο-

2018 2716 2264 2787 πρεπῶς,
2291 2716 2381 2769 καὶ
2407 2714 2465 2780 ἐξ
2488 2712 2786 2784 ἐφαμίλλου
2814 2713 2963 2784 αὐτῷ
2991 2714 3436 2784 ὲνευφραίνεσθςῑι
3459 2718 3599 2787 μετὰ

2023 2808 2288 2880 μειζόνων
2320 2807 2613 2877 ἀφορήτων
2646 2805 2887 2877 ἐρώτων,
2936 2804 3030 2857 καὶ
3060 2806 3397 2877 καταλλήλου
3428 2810 3602 2877 ἀγαλ-

2020 2899 2285 2969 λιάματος
2308 2917 2319 2928 ο
2365 2900 2539 2952 δεῖται
2563 2898 2621 2950 δὲ
2658 2896 2753 2950 καὶ
2796 2897 3014 2967 σοφίας,
3045 2897 3120 2962 ὼς
3157 2898 3313 2969 ἔφην,
3347 2901 3428 2954 δτι
3467 2921 3486 2954 ι
3533 2903 3599 2958 ἠ

2020 2992 2200 3060 σοφία,
2222 2992 2434 3061 φησὶνὴ
2458 2989 2667 3061 Γραφὴ,
2692 2992 2881 3058 φωτιεί
2894 2988 3183 3057 πρόσωπον
3211 2991 3500 3061 ἀνθρώπου
3524 3011 3538 3024 ο
3570 3012 3599 3050 ι,

2021 3086 2214 3151 φωτιεῖ
2247 3083 2383 3154 πρὸς
2425 3082 2487 3135 τὸ
2531 3082 2639 3135 ἀπὸ
2687 3081 2783 3150 τῆς
2816 3081 3120 3151 αἰσθήσεως
3164 3084 3598 3155 μεταϐεϐηκέναι

2021 3178 2099 3238 εἰς
2130 3176 2315 3244 νόησιν
2366 3174 2636 3237 εὐπετῶς,
2694 3176 2789 3227 κα)⁸
2819 3174 2927 3227 ἀπὸ
2956 3174 3065 3228 τῶν
3105 3175 3377 3246 αἰσθητῶν
3424 3174 3599 3237 εἰς’τὰ

2019 3266 2206 3336 νοητὰ,
2229 3266 2321 3317 καὶ
2342 3265 2459 3318 θεῖα
2482 3266 2729 3334 θεάματα
2747 3263 3013 3327 ἀνελθεῖν,
3050 3267 3143 3317 καὶ
3172 3268 3228 3317 ἐν
3256 3256 3599 3335 ἀποκαλύψει

2020 3357 2179 3425 νοερᾷ
2199 3355 2381 3423 ἄφατα
2404 3356 2639 3408 κατιδεῖν
2662 3372 2677 3387 ο
2711 3359 2904 3423 φωτιεῖ
2923 3358 3059 3427 πρὸς
3099 3356 3159 3409 τὸ
3195 3356 3470 3428 θεωρῆσαι
3499 3360 3599 3410 ὲπ-

2019 3447 2284 3510 οπτικῶς,
2316 3447 2409 3499 καὶ
2427 3446 2671 3508 ὲνοειδῶς
2703 3447 3072 3517 φαντασθῆναι
3095 3448 3227 3500 Θεὸν
3252 3448 3595 3517 ύπερούσιον.

2023 3532 2098 3590 Ἦ
2133 3555 2233 3589 που
2274 3538 2337 3607 δὴ
2373 3539 2640 3608 μακάριος
2692 3538 3021 3608 ἄνθρωπος..
3054 3538 3112 3591 δν
3166 3540 3233 3592 ἂν
3277 3540 3595 3611 παιδεύσῃς,

2024 3629 2215 3699 Κύριε,
2251 3632 2346 3682 καὶ
2367 3631 2430 3682 ὲκ
2452 3630 2544 3682 τοῦ
2566 3630 2733 3697 νόμου
2759 3647 2853 3682 σου
2885 3630 3101 3699 διδάξῃς
3127 3632 3288 3683 αὐτόν
3305 3648 3317 3659 ·
3338 3632 3420 3683 ὅτι
3442 3626 3599 3689 οὗτός

2023 3722 2171 3774 ἐστιν
2207 3722 2234 3772 ό
2264 3721 2339 3790 τῷ
2379 3723 2492 3773 δντι
2520 3722 2704 3789 σοφὸς,
2749 3722 2838 3774 διὰ
2870 3721 3119 3776 παιδείας
3148 3723 3226 3785 εἰς
3263 3722 3443 3775 πίστιν
3478 3722 3596 3783 ίὼν,

2023 3816 2116 3869 καὶ
2147 3818 2213 3884 τῇ
2241 3813 2336 3867 τοῦ
2369 3814 2681 3883 Πνεύματος
2705 3815 2892 3885 διδαχῇ
2915 3814 3308 3883 διδασκόμενος
3338 3814 3402 3867 τά
3426 3816 3601 3887 ἀπόρ-

2026 3907 2165 3976 ρητα
2212 3905 2305 3958 τοῦ
2356 3905 2530 3958 Θεοῦ·
2586 3906 2730 3976 μέγα
2785 3905 2975 3979 χρῆμα
3029 3906 3244 3975 ἀληθῶς
3296 3906 3459 3974 σοφὸς
3507 3906 3597 3959 διὰ

2023 3998 2259 4060 πίστεως
2286 3996 2604 4066 περιπατῶν
2632 3999 2687 4053 ἐν
2706 3997 2896 4059 ὲνώσει
2922 3997 3014 4050 καὶ
3046 3996 3301 4067 κοινωνίᾳ
3329 3997 3597 4066 ὑπερφυεί

2021 4089 2116 4143 τοῦ
2164 4089 2499 4159 Πνεύματος,
2554 4090 2661 4143 Καὶ
2716 4089 2886 4150 ὅντως
2951 4090 3078 4159 τρία
3138 4089 3254 4140 ἐστὶ
3307 4089 3447 4142 κατὰ
3503 4089 3596 4141 τὸν

2023 4181 2246 4234 εἰπόντα
2297 4181 2620 4251 ἁκράτητα·
2659 4180 2812 4245 Θεὸς,
2867 4181 2960 4235 καὶ
3012 4179 3265 4248 ἄγγελος,
3323 4182 3419 4233 καὶ
3456 4181 3598 4251 ἀνὴρ

2024 4270 2312 4339 φιλόσοφος
2335 4288 2348 4301 ⁸
2388 4272 2620 4339 ἄγγελος
2668 4270 2825 4334 ἄλλος
2856 4254 2949 4325 ἐπὶ
2981 4274 3079 4343 τῆς
3104 4272 3209 4341 γῆς
3243 4270 3594 4342 ξενότροπος·
3666 4336 3670 4340 ,

2024 4362 2268 4431 ἐπόπτης
2306 4363 2521 4423 πάντως
2559 4363 2660 4432 τῆς
2688 4364 2893 4433 ὁρατῆς
2945 4364 3197 4428 κτίσεως,
3231 4364 3329 4417 καὶ
3376 4366 3600 4435 γνήσιος

2029 4456 2238 4527 μύστης
2269 4459 2376 4511 τῶν
2408 4460 2566 4511 θείων
2589 4459 2721 4511 Θεοῦ
2756 4460 3029 4516 άκτίστων
3059 4460 3321 4531 προόδων,
3350 4461 3461 4513 εἴτε
3491 4459 3598 4530 μὴν

2023 4553 2244 4623 δωρεῶν
2284 4553 2458 4605 ἐθέλει
2486 4570 2568 4615 τις
2600 4552 2801 4619 λέγειν,
2838 4553 3297 4624 ὲπιδραττόμενος
3334 4553 3597 4625 ἀμηγέπη

2024 4647 2119 4703 καὶ
2150 4645 2316 4699 αὐτοῦ
2350 4645 2445 4698 τοῦ
2498 4646 2732 4699 ὰΟεάτου
2772 4649 2959 4716 τρόπῳ
3009 4646 3192 4713 παντὶ,
3225 4647 3366 4699 κατά
3397 4645 3600 4716 ἁθρόαν

2026 4738 2283 4807 ἐπιϐολὴν
2314 4739 2774 4809 ἀγγελομιμήτως
2795 4739 2891 4809 τὴν
2909 4738 3208 4807 ἐπίγνωσιν
3234 4738 3391 4794 Θεοῦ.
3419 4740 3603 4797 Τοιοῦ-

2029 4831 2119 4892 τός
2150 4833 2319 4892 ἐστιν,
2352 4830 2427 4894 ὡς
2457 4832 2514 4883 ὲν
2541 4833 2853 4903 ὑπογραφῇ.
2874 4832 3064 4898 φάναι,
3101 4832 3127 4884 ὁ
3154 4831 3242 4884 διὰ
3274 4831 3513 4895 πίστεως
3544 4834 3601 4884 ἐν

2027 4923 2167 4993 ἁγίῳ
2200 4921 2478 4992 Πνεύματι
2505 4923 2689 4992 σοφὸς,
2723 4924 2817 4976 καλ⁸
2841 4924 2983 4977 οὕτω
3011 4924 3303 4994 μακάριος.
3342 4925 3601 4989 Καίτοιγε

2026 5014 2187 5083 ἤρκει
2228 5013 2669 5082 ἀναμφιλέκτως.
2706 5013 2741 5071 ἃ
2776 5013 2987 5073 Λουκᾶς
3012 5016 3068 5065 ἐν
3099 5015 3448 5083 Εὑαγγελίοις
3474 5018 3603 5067 δίει-

2030 5124 2114 5157 σιν
2150 5106 2367 5173 εἰπόντι
2393 5123 2504 5174 μοι,
2541 5108 2669 5175 περί
2714 5123 2776 5173 γε
2819 5105 2993 5173 Ἰησοῦ
3030 5106 3120 5159 τοῦ
3155 5107 3382 5175 Κυρίου,
3425 5107 3602 5175 ἀπηλ-

2027 5196 2223 5266 λάχθαι
2256 5197 2618 5267 πραγμάτων,
2651 5196 2726 5258 ὡς
2759 5196 3013 5259 διεξιέναι
3041 5196 3229 5265 σοφίας
3260 5198 3351 5250 καὶ
3381 5197 3601 5265 χάριτος

2027 5287 2279 5358 δύναμιν,
2316 5289 2409 5341 καὶ
2442 5286 2713 5357 ἐγκώμια.
2758 5280 2923 5340 Ὀθτω
2953 5289 3059 5357 γὰρ
3085 5282 3237 5350 οὗτος
3267 5290 3323 5339 ὲν
3348 5289 3494 5356 τόπῳ
3520 5288 3601 5337 τί-

2030 5380 2155 5448 θησι
2185 5380 2428 5450 γράφων,
2459 5399 2475 5430 ι
2502 5381 2587 5431 ‘liv
2615 5374 2693 5441 οἷς
2717 5380 3019 5448 προέκοπτε
3048 5379 3231 5448 σοφία,
3283 5379 3600 5447 καὶὴ).ιγίᾳ,

2032 5475 2125 5526 καὶ
2177 5474 2379 5542 χάριτι.
2426 5490 2442 5522 ι
2482 5472 2592 5525 Καὶ
2640 5471 2820 5530 πάλιν,
2856 5471 2936 5523 ὅτι
2974 5490 2991 5519 ι
3034 5469 3241 5535 Ιίῦξανε
3290 5471 3383 5521 καὶ
3439 5471 3601 5535 ἐκρα-

2029 5564 2244 5619 ταιοῦτο
2290 5563 2588 5634 πνεύματι,
2636 5561 3015 5631 πληρούμενον
3066 5560 3276 5627 σοφίας.
3328 5580 3343 5611 ι
3383 5560 3520 5612 Νυνὶ
3548 5561 3600 5613 δὲ

2032 5657 2493 5727 περιφανέστερον
2525 5656 2651 5725 περὶ
2678 5656 2785 5706 τῶν
2809 5652 3186 5724 προκειμένων
3213 5653 3385 5705 εἰπεῖν
3415 5652 3595 5722 dipyr-

2035 5748 2203 5822 μένῳ,
2233 5744 2531 5823 προτίθημι
2562 5744 2655 5799 καὶ
2698 5744 2726 5797 ὅ
2773 5758 2936 5812 φησιν
2970 5742 2997 5795 ὁ
3028 5739 3171 5814 ίερδς
3197 5740 3446 5812 Σολομὼν
3472 5740 3614 5809 πρὸς,
