3996 6202
375 330 477 394 illi

1508 311 1605 371 DE
1636 306 1827 369 .Vl'l‘A
1859 307 2527 391 CONTEMPLATH’A,

3540 339 3648 401 922

382 463 544 529 Εολὴν
572 460 808 529 ἀπαντᾷ,
852 462 943 512 καὶ
977 462 1179 531 τρυφᾷ,
1217 461 1311 513 καὶ
1340 463 1597 531 τρέφεται
1647 462 1951 531 ἐφαμίλλως

2054 438 2332 502 pliriorem
2364 444 2562 500 visum.
2595 450 2713 514 Quo
2736 450 2950 515 effecto,
3002 468 3154 509 mens
3207 455 3332 509 inde
3383 455 3643 511 adorandi

380 556 471 607 τὸν
498 553 625 607 νοῦν
673 552 817 606 κατά
847 553 906 604 τὸ
953 554 1197 622 κρυπτὸν
1241 553 1331 606 διὰ
1359 555 1464 605 τῶν
1511 554 1791 623 κρυπτῶν.
1847 554 1950 606 Ka‘

386 646 473 715 δὴ,
516 644 709 715 καιροῦ
761 644 1065 714 προϊόντος,
1110 645 1203 696 καὶ
1238 644 1330 696 τὸν
1354 643 1615 715 ἀθόρυϐον
1652 645 1765 714 βίον
1810 647 1953 715 βιοῦ,

382 735 579 806 ήσυχῆ,
629 736 734 789 κάν
772 738 885 799 τοῖς
941 735 1105 800 θείοις
1143 736 1326 806 μόνοις
1375 739 1682 807 φιλοσοφῶν
1733 739 1820 792 διὰ
1858 741 1955 809 τῆς

382 826 625 900 ι’ραφῆς,
660 825 755 879 καὶ
799 824 906 878 τῶν
949 826 1266 895 ὁρωμένων,
1310 827 1376 879 δι’
1408 827 1570 895 ἔργου
1603 832 1837 882 ποιεῖται
1877 830 1953 893 ὡς

380 920 461 972 Evt
492 918 782 986 σύμφωνον
815 917 1093 987 θεωρῆσαι
1126 920 1510 990 πνευματικῶς
1544 924 1609 991 τῇ
1640 922 1828 991 Γραφῇ
1856 922 1954 992 τὴν

382 1011 577 1073 κτίσιν,
610 1011 703 1063 καὶ
724 1011 791 1079 τῇ
826 1008 1054 1079 ἀληθεία
1084 1010 1150 1062 τὰ
1179 1010 1423 1080 σύμϐολα
1448 1011 1513 1063 δι’
1547 1012 1954 1080 ἐνωτικωτέρας

378 1105 656 1171 ὁράσεως·
710 1096 773 1157 οὗ
806 1102 1115 1169 γεγονότος,
1152 1101 1179 1153 6
1207 1092 1331 1163 νοῦς
1377 1101 1625 1155 ἐντεῦθεν
1670 1101 1808 1173 μετά
1853 1103 1953 1170 τῆς

380 1192 668 1263 εὐμενείας
727 1192 823 1247 τοῦ
879 1191 1259 1262 προσκυνητοῦ
1314 1192 1653 1259 Πνεῦματος,
1708 1192 1803 1245 καὶ
1855 1191 1954 1260 τῆς

380 1282 501 1337 κατ’
543 1284 713 1352 αὐτὴν
765 1280 1070 1352 ἐνεργείας,
1103 1282 1365 1349 ἀνάγεται
1398 1283 1475 1345 είς
1524 1281 1623 1352 τήν
1656 1282 1757 1353 τῆς
1804 1283 1953 1349 ίερᾶς

378 1374 636 1443 ἀληθείας
689 1375 878 1444 ὄρασίν
916 1391 976 1427 τε
1042 1374 1135 1427 καλ⁵
1196 1375 1543 1443 ἐπιστήμην,
1583 1373 1658 1436 ὡς
1715 1375 1744 1426 6
1777 1372 1953 1442 μέγας

380 1468 515 1537 φησὶ
547 1467 819 1529 Διονύσιος
840 1483 854 1499 ο
900 1467 982 1529 εἰς
1021 1466 1337 1535 ἀναὸαθμδν
1396 1466 1539 1533 ἱερὸν
1573 1465 1825 1536 θεωρίας,
1858 1482 1951 1533 γε·

380 1557 545 1620 νικῶς
580 1557 751 1624 φάναι
791 1556 1061 1627 δεύτερον,
1114 1558 1196 1619 εἰς
1246 1556 1311 1610 τὰ
1359 1555 1478 1608 θεῖα
1529 1555 1799 1625 θεάματα,
1853 1556 1947 1609 καὶ

378 1650 648 1719 νοήματα,
676 1648 950 1708 τουτέστι,
982 1648 1468 1719 προκαλυμμάτων
1501 1648 1591 1700 καὶ
1620 1647 1807 1702 τύπων
1838 1665 1949 1718 χω-

2050 531 2273 596 spiritus
2302 536 2673 597 benevolentia
2693 554 2746 599 et
2767 549 2985 614 propria
3032 549 3192 602 etiam
3225 550 3425 603 virtute
3472 550 3525 603 in
3552 565 3644 604 sa-

2052 636 2159 676 crae
2214 630 2456 685 veritatis
2490 636 2662 689 risum
2690 637 3085 707 scientiamque
3108 641 3413 707 adducitur,
3442 652 3499 694 ut
3525 656 3644 695 ma-

2051 727 2189 778 gnus
2214 716 2287 770 ait
2354 722 2661 791 Dionysius,
2716 741 2931 783 sacrum
2992 731 3465 799 contemplationis
3517 748 3641 801 gra.

2051 805 2200 868 dum,
2281 812 2374 877 qui
2452 817 2727 872 secundus
2802 821 3023 888 pr0prie
3108 830 3233 885 cst,
3312 822 3366 876 in
3456 824 3639 877 divina

2052 901 2387 963 spectacula.
2422 904 2473 959 id
2507 914 2610 969 est,
2640 908 2847 978 absque
2879 912 3297 968 revelationilius
3345 924 3398 967 et
3454 914 3641 981 ﬁguris

2052 988 2183 1043 lude
2232 1006 2366 1047 sane
2396 1011 2549 1051 mens
2599 1000 2743 1053 nuda
2777 1010 3031 1068 tanquam
3066 1003 3130 1055 ad
3161 1009 3300 1057 nuda
3334 1007 3639 1073 (egitabiiiu

2053 1083 2352 1151 procedens
2401 1096 2457 1141 et
2500 1089 2712 1146 divinas
2768 1094 3232 1150 nianil‘estationes
3283 1097 3498 1165 plurimi
3558 1097 3638 1150 fa-

2052 1173 2240 1241 ciens;
2291 1192 2389 1245 per
2418 1180 2695 1247 propriam
2746 1183 3041 1251 puritatem
3090 1196 3144 1238 et
3193 1185 3260 1238 ad
3305 1186 3468 1238 Deum
3505 1197 3634 1241 teu-

2052 1264 2289 1319 dentiam
2322 1268 2373 1321 in
2402 1271 2579 1338 seipsa
2618 1271 3159 1341 ferens,tanquamtu
3190 1278 3635 1347 splendidissimo

2052 1356 2325 1424 Speculo.
2387 1359 2520 1413 solis
2575 1361 2846 1431 fulgentes
2900 1365 3122 1428 radios,
3189 1368 3474 1435 gratiaqne
3542 1383 3639 1434 per

2052 1447 2194 1501 viam
2232 1450 2436 1505 nutrita
2490 1452 2556 1507 iis
2592 1470 2711 1521 quae
2766 1468 2942 1525 potest
2990 1459 3257 1525 accipere,
3289 1460 3353 1510 ad
3413 1458 3633 1511 tertium

2053 1540 2281 1608 gradum
2340 1545 2605 1612 procedit,
2650 1547 2883 1615 plurima
2920 1548 3008 1602 illa
3043 1548 3196 1603 beata
3230 1550 3537 1616 spectacula
3581 1560 3632 1602 et

2053 1632 2267 1687 divinos
2312 1649 2668 1705 progressus,
2725 1638 3076 1705 ittiiloniiius,
3132 1640 3550 1710 simpliciusque
3606 1656 3635 1693 a

381 1741 482 1812 ρίς.
537 1738 870 1792 Τοὺντεῦθεν
915 1739 1048 1808 δῆτα
1093 1739 1298 1811 γυμνὸς
1336 1742 1364 1793 6
1424 1740 1548 1802 νοῦς
1599 1738 1760 1792 οἱονεὶ
1813 1738 1948 1808 πρὸς

2057 1726 2306 1792 plurimis
2342 1730 2697 1785 varietatibus
2730 1731 2783 1785 in
2820 1732 3177 1786 immutabilis
3211 1741 3265 1786 et
3299 1733 3638 1788 absconditae

379 1832 547 1901 νοητά
599 1830 959 1900 προσδόιλλων
992 1832 1197 1901 γυμνὰ,
1235 1834 1328 1884 καὶ
1362 1833 1461 1893 τὰς
1498 1832 1651 1894 θείας
1684 1831 1949 1900 ἐμφάσεις

376 1924 465 1978 διά
486 1923 740 1976 πλείστου
764 1922 1109 1990 ποιούμενος,
1136 1923 1226 1976 διὰ
1254 1924 1350 1995 τῆς
1389 1924 1521 1984 ἰδίας
1554 1923 1946 1995 καθαρότητος,

378 2018 471 2071 καὶ
504 2016 639 2085 πρὸς
669 2014 803 2069 Θεὸν
853 2015 1169 2077 ἀνατάσεως
1225 2016 1414 2085 φέρειν
1452 2018 1508 2069 ἐν
1540 2017 1750 2086 ἐαυτῷ,
1783 2017 1856 2079 ὡς
1890 2018 1948 2071 ἐν

376 2108 744 2179 λαμπροτάτῳ
778 2108 1030 2177 ἐσόπτρῳ
1074 2106 1200 2171 τινὶ,
1266 2106 1421 2177 ἡλίου
1477 2107 1946 2178 ὑπερστιλϐούσας

377 2199 573 2266 αὐγὰς,
606 2198 711 2252 ὑπὸ
740 2199 839 2267 τῆς
867 2198 1091 2266 χάριτος
1130 2197 1254 2251 καθ’
1288 2196 1406 2251 ὁδὸν
1441 2198 1499 2260 ἐς
1530 2197 1687 2258 αὖθις
1717 2197 1946 2267 τραφεὶς

375 2293 488 2353 τοῖς
522 2292 765 2359 ἐφικτοίς
797 2289 1170 2351 ἐπιϐάλλουσι,
1212 2290 1384 2358 χωρεί
1431 2288 1568 2357 πρὸς
1611 2285 1722 2341 οἷον
1753 2289 1947 2360 τρίτην

379 2379 632 2451 βαθμίδα,
662 2380 731 2433 τὰ
762 2379 934 2433 πολλά
962 2382 1144 2433 ἐκεῖνα
1177 2379 1425 2445 θεάματα
1457 2383 1526 2432 τά
1556 2381 1820 2450 μακάρια,
1849 2383 1944 2434 καὶ

376 2471 476 2530 τας
503 2469 652 2534 θείας
677 2470 932 2535 προόδους
961 2471 1353 2540 ἐνοειδέστερον
1370 2473 1464 2524 καὶ
1492 2471 1944 2541 συνεπτυγμένως

378 2561 486 2614 ἀπ’)
512 2560 621 2613 τῶν
659 2561 874 2614 πολλῶν
904 2562 1240 2632 ἐτεροτήτων
1266 2563 1346 2624 είς
1386 2561 1477 2615 τὸν
1507 2562 1606 2631 τῆς
1647 2562 1941 2633 ἀτρέπτου,

375 2652 467 2705 καὶ
482 2668 514 2703 κ
522 2649 720 2721 ρυφίας
741 2651 965 2719 μονάδος
984 2651 1198 2723 ἀνάγων
1210 2652 1475 2716 ἐπιϐὁλως
1491 2653 1728 2724 ἄρρητον
1741 2651 1940 2724 ἔρωτα,

377 2745 514 2816 ἀετὰ
542 2742 837 2814 ξυμπάσης
858 2759 943 2795 νοε
954 2743 1052 2813 ρᾶς
1083 2742 1388 2813 αἰσθήσεως
1414 2742 1953 2815 μεταπλαττόμενος,

372 2837 564 2908 ῶσπερ
581 2838 608 2890 ό
628 2836 832 2907 θεωρὸς
861 2835 968 2888 ὑπὸ
990 2834 1086 2887 τοῦ
1116 2834 1445 2904 φωτίζοντος
1478 2834 1618 2889 ιῐνεύ
1628 2854 1798 2907 ματος
1823 2838 1958 2910 ἀλη-

374 2916 495 3001 θεία
536 2930 632 2983 καὶ
674 2928 1005 2998 ὑπομνήσει,
1060 2929 1138 2991 είς
1171 2927 1283 2999 πῦρ
1337 2930 1434 2982 καὶ
1490 2930 1779 3001 ἐγκάρδιον
1817 2931 1955 2986 Θεοῦ

374 3022 634 3092 θεουργδν
661 3020 841 3091 ἔρωτα
872 3020 1107 3091 ἄληκτον
1130 3036 1145 3051 '
1180 3022 1272 3074 καὶ
1297 3020 1391 3091 ἦδε
1422 3022 1540 3076 ἐστὶ
1572 3022 1714 3077 κατὰ
1739 3026 1832 3079 τὸν
1858 3026 1957 3097 μέ-

2055 1817 2280 1872 unitatis
2336 1819 2663 1875 inen‘aliilem
2717 1837 2969 1877 amorem
3007 1824 3262 1879 ardenter
3317 1839 3375 1878 se
3430 1824 3637 1888 ferens,

2051 1925 2175 1963 cum
2212 1913 2359 1966 omni
2399 1914 2675 1982 Spirituali
2720 1930 2887 1970 sensu
2921 1914 3242 1982 informata,
3279 1916 3638 1986 quemadmo-

2049 2000 2177 2054 dum
2221 2006 2638 2073 contemplativa
2708 2006 2936 2075 spiritus
2990 2008 3351 2062 illnminantis
3407 2008 3637 2062 veritate

2048 2106 2111 2147 ac
2145 2096 2403 2155 memoria
2437 2096 2690 2168 iniguem
2714 2107 2768 2153 et
2806 2100 3052 2154 intimum
3082 2098 3173 2154 Dei
3194 2101 3552 2155 viviﬁcantem
3568 2102 3633 2168 :et

2050 2185 2447 2263 indesineutem
2504 2203 2763 2244 amorem.
2792 2190 2856 2243 Et
2899 2192 3011 2245 haec
3031 2200 3134 2258 est,
3161 2193 3314 2262 juxta
3374 2208 3631 2261 maguum

2048 2275 2390 2346 Dionysium,
2415 2280 2678 2348 simplicis
2724 2282 2881 2336 unius
2911 2284 3186 2351 possessio
3238 2285 3290 2338 in
3370 2296 3634 2353 quantum

2050 2375 2231 2437 potest
2255 2368 2392 2424 ﬁcri.
2414 2370 2470 2424 In
2501 2372 2706 2426 talibus
2729 2374 2893 2442 igitur
2913 2375 3353 2447 gradibusbujns
3381 2376 3432 2430 in
3460 2377 3635 2431 tribus

2047 2461 2297 2528 personis
2323 2462 2608 2531 simplicis,
2630 2464 2943 2520 beatissime
2968 2482 3031 2521 ca
3054 2482 3173 2537 quae
3198 2468 3365 2521 Deum
3396 2468 3465 2522 ita
3510 2485 3635 2537 pos-

2049 2553 2189 2610 sidet
2239 2566 2291 2609 et
2339 2558 2545 2625 cogitat
2619 2572 2775 2613 tuens
2820 2560 3104 2623 advolans,
3153 2561 3409 2615 violentis
3464 2560 3633 2616 divini

2048 2647 2258 2701 ardoris
2286 2648 2491 2703 aculeis
2544 2658 2599 2705 et
2658 2650 2785 2705 inde
2838 2652 3066 2707 ferventi
3115 2669 3299 2709 amore
3347 2655 3633 2709 manifeste

2048 2753 2111 2791 ae
2146 2740 2425 2795 evidenter
2459 2739 2648 2795 fruens
2693 2752 2746 2796 et
2782 2744 3056 2799 rliaritate
3088 2747 3370 2799 vulnerata
3405 2762 3468 2800 ac
3488 2747 3632 2814 seip-

2052 2845 2167 2885 sam
2200 2841 2257 2886 ut
2302 2832 2593 2889 incensam
2643 2834 2835 2890 videns
2887 2851 2951 2890 ex
2985 2839 3207 2905 propria
3262 2838 3387 2893 inde
3421 2840 3631 2893 oriente

2049 2923 2409 2991 dispositione
2430 2927 2665 2991 exsultat
2688 2936 2740 2980 et
2761 2944 2883 2981 vere
2912 2928 2965 2982 in
2994 2930 3263 2985 exstasim
3292 2931 3515 2998 rapitur.
3544 2932 3630 2985 in-

2050 3016 2309 3085 grediens
2365 3016 2660 3074 ineffabilia
2716 3018 3024 3092 Tlieologiat
3092 3022 3268 3077 oculis
3326 3023 3630 3093 mysteria,

373 3130 476 3187 γαν
512 3112 672 3166 πάλιν
698 3111 974 3167 Διονύσιον
996 3115 1027 3181 ἡ
1049 3112 1149 3181 τῆς
1177 3111 1286 3183 [ἷσ.
1310 3113 1427 3185 τοῦ]
1452 3115 1739 3181 ἐνοειδοῦς,
1774 3118 1951 3182 ἔνθεος

2047 3108 2316 3176 Spit‘ilttali
2342 3110 2543 3182 impetu
2573 3127 2801 3168 vescens
2833 3122 3037 3167 aeterno
3089 3122 3142 3167 et
3177 3113 3411 3178 intinito,
3469 3113 3628 3168 incir-

378 3204 591 3276 μέθεξις
606 3204 772 3259 αὐτοῦ
790 3206 883 3258 τοῦ
901 3205 1017 3268 ἐνὸς
1034 3204 1109 3269 ὡς
1124 3207 1361 3275 ἐφικτόν.
1378 3207 1470 3261 Ἐν
1490 3207 1670 3262 τοίνυν
1691 3212 1957 3276 τοιούτοις

372 3297 713 3367 ἀναϐαθμοῖς
749 3298 848 3367 τῆς
874 3300 1315 3369 τρισυποστάτου
1351 3301 1620 3366 ἐνοειδοῦς
1656 3304 1953 3374 μεθέξεως,

372 3387 696 3458 τρισολϐίως
721 3390 749 3442 6
773 3389 1053 3462 θεοφόρος,
1086 3389 1181 3444 καὶ
1215 3389 1461 3462 θεόφρων
1492 3392 1617 3457 νοῦς
1650 3397 1956 3465 ἀνιπτάμε-

374 3496 487 3545 νος,
518 3480 611 3533 καὶ
643 3481 936 3551 ἀφορήτων
960 3481 1202 3551 κέντρων
1226 3482 1374 3548 θείας
1406 3484 1688 3556 βακχείας,
1720 3490 1815 3542 καὶ
1846 3489 1957 3545 τῶν

376 3570 498 3632 κατ’
524 3570 693 3641 αὗτὴν
726 3572 968 3641 μανικῶν
991 3572 1210 3643 ἐρώτων
1234 3574 1495 3643 ἐκδήλως,
1518 3578 1611 3631 καὶ
1636 3580 1956 3650 περιφανῶς

377 3659 705 3727 ἀπολαύων,
753 3661 847 3715 καὶ
897 3664 1241 3734 τετρωμένον
1298 3667 1556 3737 ἀγάπης,
1610 3671 1707 3723 καὶ
1760 3671 1836 3737 ὡς
1887 3674 1956 3728 ἂν

375 3751 734 3822 ἐκκαιόμενον
769 3754 958 3808 ἑαυτὸν
988 3755 1225 3827 ξυνορῶν
1253 3759 1526 3831 ἀριδήλως
1552 3763 1615 3816 ἐκ
1649 3763 1742 3818 τοῦ
1774 3782 1956 3835 γιγνο-

278 3839 284 3843 ’
376 3845 539 3914 μένου
573 3845 673 3913 τῆς
703 3847 1017 3913 διαθέσεως,
1046 3849 1296 3922 ἐνθουσιᾷ
1328 3855 1421 3907 καὶ
1446 3853 1617 3921 ὅντως
1648 3858 1952 3926 ἐξίσταται,

371 3935 559 4001 είσὸας
576 3937 657 4000 είς
684 3938 754 3992 τά
770 3940 1087 4009 ἀποφατικὰ
1113 3942 1211 4013 τῆς
1235 3944 1513 4014 θεολογίας
1537 3949 1746 4021 φαιδρῷ
1776 3969 1951 4022 προσ-

369 4023 506 4095 ὡπνρ
557 4029 867 4099 μυστήρια,
905 4028 1236 4101 ἑστιώμενος
1284 4036 1626 4107 ἀνομμάτοις
1672 4043 1953 4108 ἐπιϐολαῖς

370 4116 431 4169 τὸ
455 4116 692 4189 ἄναρχον
721 4122 815 4173 καὶ
864 4122 1112 4193 ἄπειρον,
1145 4125 1521 4199 ἀπερίληπτόν
1547 4147 1603 4183 τε
1637 4133 1729 4185 καὶ
1758 4134 1954 4201 ὁλικῶς

371 4210 670 4279 ἄφραστον,
711 4214 806 4266 καὶ
847 4216 1023 4285 πάντη
1058 4218 1433 4291 ἀνεπινόητοι).
1471 4223 1579 4275 Καὶ
1611 4224 1954 4297 φανταζόμε-

370 4320 459 4363 νος
492 4305 553 4358 τὸ
584 4305 678 4359 τοῦ
698 4306 834 4359 Θεοῦ
862 4302 975 4360 οἷόν
1006 4326 1058 4361 τι
1086 4310 1323 4379 πέλαγος
1357 4311 1545 4377 οὐσίας
1582 4314 1833 4387 ἄπειρον,
1858 4321 1954 4374 καὶ

369 4396 688 4463 ἀνέκῦατον,
726 4400 906 4452 πᾶσαν
937 4400 1349 4475 ὑπερεκπίπτον
1378 4404 1589 4459 ἐννοιαν
1615 4407 1706 4460 καὶ
1735 4408 1949 4480 χρόνον,

2050 3204 2384 3272 cumscripto
2426 3214 2479 3259 et
2518 3220 2748 3275 prorsus
2795 3204 3143 3260 inenarrabili
3167 3213 3218 3259 et
3242 3205 3627 3275 Cogitationuttt

2048 3295 2352 3364 superanti.
2407 3298 2585 3365 Atque
2654 3298 2959 3369 imaginaris
3025 3298 3295 3352 inﬁnitum
3350 3298 3627 3369 quoddam

2057 3386 2379 3442 substantiae
2414 3389 2692 3444 Oceanum
2734 3402 2788 3445 et
2823 3391 3174 3453 immensum,
3226 3406 3440 3446 omnem
3491 3400 3627 3445 tem-

2047 3480 2198 3550 poris
2227 3488 2283 3535 et
2328 3492 2560 3547 natura»,
2599 3483 2902 3538 secundum
2958 3483 3234 3538 laudatum
3268 3482 3626 3553 Theolognm,

2046 3571 2431 3639 Cogitationem
2467 3573 2766 3638 transiens,
2814 3591 2832 3625 ι
2866 3573 2928 3627 Et
2968 3575 3072 3630 ltoc
3111 3584 3218 3639 est,
3257 3576 3454 3644 inquit,
3496 3591 3624 3629 con-

2047 3664 2423 3739 templationis
2461 3665 2798 3728 convivium,
2864 3667 3221 3735 spiritualiter
3260 3668 3507 3721 nutriens
3560 3683 3624 3721 ac

2047 3753 2311 3809 deiﬁrans
2370 3770 2587 3810 onmem
2634 3757 2726 3824 qui
2786 3756 2855 3812 ad
2909 3757 3039 3811 illud
3094 3757 3298 3825 tendit;
3358 3758 3622 3828 incipiens

2046 3847 2266 3918 quidem
2318 3862 2349 3902 a
2387 3863 2567 3903 rerum
2622 3851 3082 3920 contemplatione
3128 3859 3182 3905 et
3231 3850 3565 3920 cognitione,
3599 3870 3618 3903 ι

2048 3949 2107 3995 ut
2137 3941 2226 3995 illc
2264 3940 2400 3996 dicit
2429 3942 2754 4012 Tlieologus,
2789 3960 2899 4015 quo
2956 3945 3009 3998 in
3065 3944 3208 3999 libro
3255 3952 3457 4000 nostra?
3506 3947 3622 3999 bie-

2046 4031 2282 4086 rarcliire
2340 4048 2499 4088 sacra
2554 4036 2777 4104 exponit
2828 4036 3097 4107 symbolo.
3149 4036 3620 4103 Quemadmodum

2044 4118 2213 4191 igitur
2240 4128 2295 4176 et
2323 4139 2550 4193 magnus
2582 4125 2815 4181 Basilius
2845 4127 3083 4196 explicat
3114 4128 3301 4181 dicens
3332 4144 3346 4180 :
3417 4146 3435 4179 ι
3465 4128 3619 4182 Post-

2043 4232 2208 4287 quam
2258 4222 2718 4291 contemplativus
2792 4224 3085 4279 visibilium
3154 4226 3618 4293 pulclnitudinem

2047 4312 2348 4376 tiansierit,
2385 4314 2484 4383 ipsi
2523 4313 2631 4366 Deo
2661 4316 2874 4382 adstet;
2911 4316 3068 4384 cujus
3102 4319 3491 4388 contemplatio
3534 4321 3617 4386 jn-

2046 4405 2124 4459 ris
2162 4405 2419 4461 cordibus
2466 4408 2811 4461 solummodo
2854 4410 3190 4465 conceditur.
3241 4412 3393 4465 Tunc
3438 4415 3501 4464 :nl
3556 4430 3617 4467 ea

370 4484 464 4536 mi
500 4486 712 4553 φύσεως
736 4488 877 4540 κατᾶ
904 4490 996 4541 τὸν
1018 4467 1264 4560 φάμενον
1302 4492 1591 4562 Θεολόγον·
1617 4513 1635 4547 ι
1676 4467 1784 4550 ι(Ξὶ
1814 4467 1949 4570 αὖτή

2046 4511 2165 4566 qua?
2198 4497 2337 4565 apud
2368 4496 2721 4568 Tlieologiam
2774 4500 3091 4554 sublimiora
3161 4514 3284 4556 sunt
3333 4506 3618 4569 accedens,

371 4574 537 4642 ἐστὶν,
572 4576 648 4641 ὡς
681 4579 709 4631 6
734 4579 881 4648 ἱερὸς
919 4581 998 4635 ἔτι
1024 4583 1173 4651 λέγει
1201 4585 1499 4651 Διονύσιος,
1534 4590 1566 4658 ἡ
1603 4590 1701 4660 τῆς
1723 4592 1953 4662 ἐποψίας

368 4667 631 4735 ἑστίασις,
666 4671 944 4742 τρέφουσα
990 4675 1220 4745 νοητῶς,
1256 4678 1351 4731 καὶ
1396 4678 1596 4735 θεοῦςα
1642 4682 1823 4737 πάντα
1860 4683 1952 4737 τὸν

369 4763 449 4824 τίς
494 4763 668 4835 αὐτὴν
722 4766 1181 4837 ἀνατεινόμενον*
1241 4770 1546 4840 ἀρχόμενον
1606 4774 1791 4843 μέντοι
1844 4778 1953 4830 ἀπὸ

367 4856 469 4924 τῆς
503 4854 614 4907 τῶν
667 4855 840 4909 ὄντων
889 4856 1122 4928 θεωρίας
1174 4860 1267 4913 καὶ
1325 4862 1603 4929 γνώσεως,
1651 4864 1725 4930 ὡς
1771 4868 1950 4921 ἐκεῖσε

367 4937 525 5007 (οὗτος
553 4947 582 4998 6
618 4946 960 5019 ίεροφάντωρ
1010 4950 1197 5019 φησὶν,
1252 4951 1386 5004 ὅπου
1420 4954 1487 5004 τα
1521 4954 1642 5024 ίερά
1692 4960 1790 5027 τῆς
1828 4959 1950 5013 καθ’

363 5038 515 5123 ἡμᾶς
550 5038 834 5107 ίεραρχίας
861 5040 1227 5112 ἀνακαθαίρει
1270 5059 1335 5111 γε
1375 5044 1643 5114 σύμϐολα.
1688 5067 1707 5099 ι
1740 5050 1951 5123 Ὥσπερ

363 5122 457 5183 οὖν
488 5128 584 5180 κα)⁸
614 5130 644 5180 6
675 5130 847 5199 μέγας
874 5132 1153 5198 Βασίλειος
1187 5134 1346 5188 δίεισι
1374 5136 1550 5205 λέγων
1574 5154 1587 5167 ·
1610 5157 1629 5191 α
1655 5140 1855 5194 Ἐπειδ’
1885 5144 1950 5197 ἄν

366 5237 447 5283 τις
474 5219 824 5291 θεωρητικῶς
856 5225 915 5276 τὸ
937 5228 995 5280 ἐν
1029 5229 1141 5290 τοῖς
1169 5222 1519 5298 φαινομένοις
1549 5232 1744 5295 κάλλος
1776 5235 1947 5307 ὑπερ-

365 5309 489 5372 ϐὰς,
520 5311 670 5381 αὐτῷ
718 5317 969 5385 παραστῇ
1020 5316 1096 5386 τῷ
1131 5319 1271 5388 Θεῷ,
1305 5314 1367 5373 οὗ
1397 5324 1429 5391 ή
1468 5320 1566 5375 θέα
1613 5324 1800 5391 μόναις
1832 5330 1951 5389 ταῖς

365 5402 635 5472 καθαραῖς
679 5406 932 5476 καρδίαις
967 5411 1330 5478 ἐμφαίνεσθαι
1380 5416 1628 5481 πέφυκεν
1654 5431 1667 5445 ·
1699 5419 1817 5471 τότε
1857 5419 1950 5471 ἐπὶ

365 5493 432 5545 τά
457 5494 557 5564 τῆς
582 5494 865 5564 θεολογίας
893 5500 1145 5572 ἀνώτερα
1178 5505 1484 5575 προκόψας,
1527 5509 1622 5561 καὶ
1656 5511 1950 5575 ἐποπτικὺς

365 5586 623 5653 γενέσθαι
650 5589 896 5645 δύναται.
939 5612 957 5644 ι
985 5596 1092 5646 Καὶ
1124 5596 1289 5651 πάλιν
1313 5617 1325 5631 ·
1361 5617 1378 5651 ι
1405 5601 1499 5663 Είς
1514 5601 1575 5653 τὸ
1596 5601 1739 5671 πρωῒ
1768 5621 1949 5674 παρα-

366 5682 636 5751 στήσομαί
656 5700 738 5736 σοι
770 5686 864 5737 καὶ
885 5686 1162 5756 ἐπόψομαι
1187 5691 1349 5759 ῥητὸν
1366 5692 1457 5746 τοῦ
1480 5695 1539 5745 ἐν
1563 5694 1839 5764 Πνεῦματι
1857 5699 1951 5749 λα.

374 5767 590 5839 λυῦντος
614 5773 780 5845 ᾼαὸὶδ
803 5776 829 5828 6
854 5777 1045 5847 μέγας,
1092 5779 1311 5834 ἐπειδάν
1338 5800 1470 5853 φησι
1495 5801 1506 5813 ·
1545 5786 1815 5855 Παραστῶ
1846 5803 1949 5855 act,

2039 4600 2093 4643 et
2144 4588 2335 4643 videns
2388 4590 2504 4644 ﬁeri
2557 4603 2755 4659 poteSI.
2790 4610 2808 4642 ι
2869 4591 2932 4645 Et
2970 4608 3184 4647 rursum
3224 4611 3237 4645 :
3284 4613 3300 4644 ι
3334 4595 3487 4649 Mane
3522 4597 3616 4649 ad-

2038 4687 2196 4736 sumo
2227 4683 2321 4736 tibi
2356 4694 2410 4736 et
2455 4683 2682 4751 videbo;
2725 4686 2868 4753 quod
2907 4686 2961 4739 in
2992 4685 3187 4753 Spiritu
3224 4686 3361 4739 dixit
3388 4702 3616 4755 magnus

2037 4773 2206 4829 David
2240 4790 2256 4828 :
2300 4793 2319 4827 ι
2354 4773 2600 4829 Adstabo
2635 4776 2753 4835 tibi,
2784 4787 2838 4829 et
2868 4775 2933 4829 ad
2968 4777 3138 4843 ipsius
3167 4777 3241 4829 tui
3288 4777 3615 4844 contemplav

2039 4868 2241 4921 tiOnem
2273 4881 2370 4936 per
2410 4876 2642 4921 mentem
2683 4869 2981 4932 accedam;
3019 4879 3148 4921 tunc
3179 4867 3395 4921 videndi
3435 4866 3612 4921 virtu-

2043 4968 2149 5013 tem
2187 4974 2281 5028 per
2315 4959 2559 5013 scientia:
2591 4959 2772 5012 lumen
2815 4960 3107 5027 accipiam.
3145 4976 3163 5009 ι
3216 4958 3363 5011 Licet
3397 4973 3614 5027 qvoquc

2038 5051 2257 5107 beatum
2320 5047 2615 5102 Maximum
2674 5048 2871 5102 similia
2931 5050 3199 5102 dici-ntem
3253 5051 3441 5105 audire
3482 5093 3498 5116 ,
3555 5061 3613 5103 et

2036 5144 2415 5198 ostendentem
2454 5138 2742 5194 manifeste
2789 5149 3027 5207 (“tantus
3082 5141 3153 5193 sit
3186 5140 3458 5208 proici-tus
3483 5158 3611 5193 cono

2038 5233 2321 5298 templatio
2356 5247 2419 5285 ac
2459 5232 2703 5300 cognitio
2738 5230 2828 5285 Dei
2865 5246 2954 5298 per
2987 5230 3325 5299 Scripturam
3356 5239 3408 5283 et
3441 5218 3605 5282 Cica-

2042 5312 2243 5381 tionem
2290 5342 2304 5379 :
2344 5324 2672 5393 cognitionis
2719 5339 2913 5391 nempe
2961 5324 3143 5376 lumen
3184 5324 3307 5375 inde
3366 5322 3481 5374 ﬁeri
3517 5338 3608 5374 so-

2036 5420 2168 5482 lere,
2191 5417 2333 5470 unde
2366 5416 2554 5485 incipit
2584 5432 2645 5469 ea
2684 5416 2861 5469 vivida
2893 5432 2955 5467 ac
2989 5420 3141 5467 l‘eata
3184 5413 3607 5478 contemplatio;

2035 5510 2178 5578 quod
2211 5524 2426 5578 semper
2456 5518 2507 5563 et
2554 5524 2699 5562 nunc
2742 5523 2926 5560 rarum
2964 5508 3086 5568 luit,
3124 5516 3177 5559 ct
3210 5507 3433 5562 inventu
3464 5507 3613 5557 dil‘li-

2037 5604 2142 5658 cile
2179 5604 2443 5673 pacilicis,
2473 5602 2601 5672 quia
2633 5603 2771 5656 desit
2822 5602 2915 5670 qui
2949 5617 3010 5654 ea
3047 5600 3235 5667 gratim
3266 5599 3609 5666 susceptione

2042 5708 2137 5763 per
2170 5693 2565 5762 experientiam
2614 5693 2824 5755 doceat,
2851 5700 2909 5743 ut
2946 5704 3195 5745 summus
3232 5690 3381 5758 pacis
3421 5691 3607 5744 dot-tor

2040 5797 2260 5843 sanctus
2283 5785 2435 5841 lsaae
2463 5785 2655 5856 Syrus,
2680 5786 2731 5839 in
2758 5798 2864 5856 quo
2888 5783 3028 5839 libro
3051 5783 3124 5838 De
3152 5783 3421 5851 spiritualt
3444 5800 3607 5839 sensu
