4058 6204
447 287 551 351 ςεῖτ

1586 270 1930 338 CA‘LLISTI
1975 263 2587 327 CATAPHUGIOTIE

3603 293 3705 354 933

443 422 479 456 -r
507 404 669 459 tualis
702 412 864 460 terra.
915 421 933 453 ι
974 415 1167 469 nempe
1207 413 1302 453 cor
1344 404 1613 458 nostrum,
1647 387 2026 448 misericordia

2138 399 2394 470 πνεύματι
2428 403 2522 453 του
2549 412 2815 472 στὸματος
2839 405 3024 460 αὐτοῦ·
3055 428 3072 460 ι
3106 409 3232 474 ποτὲ
3263 410 3350 480 δή’
3383 431 3401 462 ι
3437 414 3702 480 Ὁπηνίκι

444 497 710 565 ibomini;
757 514 777 549 ι
813 495 1084 565 spirituali
1121 507 1317 560 nempe
1359 492 1562 546 virtute
1610 497 1664 541 et
1713 485 1949 542 eﬂicacia
1979 492 2031 536 et

457 601 602 646 motu
635 591 965 647 sensibililer
1003 605 1066 643 ac
1115 587 1426 642 manifeste.
1477 585 1799 654 Priusquam
1848 589 2028 635 autem

456 702 575 736 eam
600 685 652 739 in
682 685 846 740 corde
868 682 1161 739 eﬂicaciam
1200 690 1256 736 et
1290 681 1550 739 virtutem
1581 687 1635 732 et
1669 687 1875 730 metum
1905 688 2030 728 sen-

451 777 548 830 tiat
583 790 755 841 utens,
788 791 897 828 non
935 774 1093 826 modo
1124 789 1241 827 eam
1292 772 1621 827 soliditatem
1657 784 1763 822 non
1810 763 2034 821 habebit

456 884 578 935 quae
631 882 697 920 ex
755 868 1048 922 creat'onis
1099 866 1506 933 Seripturwque
1567 858 1832 929 spirituali
1898 871 2032 909 cou-

459 959 806 1028 templatione
838 958 1086 1022 eﬂicitur,
1123 958 1250 1010 dum
1303 958 1353 1009 in
1390 971 1550 1007 unam
1598 953 1857 1005 rationem
1913 963 2033 1014 quae

445 1051 512 1105 [in
543 1051 677 1120 ipsis
711 1061 837 1105 sunt
875 1051 1207 1113 reducimus,
1241 1049 1333 1102 sed
1377 1047 1529 1101 valde
1567 1043 1916 1099 metuendum
1949 1049 2034 1095 est

459 1158 525 1194 ne
550 1143 834 1210 phantasia
863 1141 1090 1210 decepta
1128 1150 1335 1210 pereat.
1372 1138 1494 1194 Ideo
1525 1139 1566 1191 si
1599 1153 1742 1192 cura:
1772 1135 1930 1190 nobis
1963 1134 2034 1187 sit

463 1233 628 1283 l‘eum
666 1246 730 1284 ex
769 1231 1053 1306 Scriptura
1091 1243 1140 1286 et
1175 1233 1450 1284 creatione
1484 1227 1861 1297 contemplari,
1899 1225 2032 1278 sim-

463 1321 788 1391 pliciterque
817 1333 871 1378 et
895 1323 1242 1378 uniformiter
1281 1323 1546 1393 plurimas
1585 1337 1763 1374 rerum
1794 1319 2036 1375 rationes

461 1421 517 1466 et
545 1415 860 1483 spectaCnla
896 1417 948 1470 in
988 1433 1148 1471 unam
1193 1417 1459 1470 rationem
1496 1424 1550 1468 et
1587 1415 1840 1482 spiritum
1878 1413 2037 1480 repli-

466 1514 675 1565 cantes.
707 1505 992 1572 uniformi,
1025 1507 1279 1576 simplici,
1314 1523 1420 1562 non
1449 1511 1676 1578 tigurata
1702 1505 2029 1575 contempla-

433 1597 612 1652 ‘tione
660 1607 879 1654 utentes
927 1600 979 1654 in
1033 1600 1400 1667 inlinitudine,
1455 1601 1508 1653 in
1563 1601 1930 1656 immensitate
1969 1613 2037 1653 ac

2127 490 2376 559 φαίνεται
2413 491 2626 562 πλήρης
2655 495 2686 565 ἡ
2712 496 2876 567 νοητὴ
2911 500 3004 568 γῆ,
3049 518 3065 549 ι
3099 501 3216 570 ἦτοι
3245 503 3276 572 ἠ
3302 503 3502 573 καρδία
3525 507 3698 576 ἡμῶν,

2133 602 2152 636 ι
2187 583 2281 637 τοῦ
2312 585 2496 648 ἐλέους
2523 587 2753 658 Κυρίου,
2787 606 2806 640 ι
2835 590 2935 661 τῆς
2963 597 3470 665 πνευματοκινήτου
3497 597 3700 668 δηλαδὴ

2128 676 2430 747 δυνάμεως,
2446 679 2539 731 xui
2553 679 2833 750 ἐνεργείας
2855 683 2950 736 xui
2965 685 3230 752 κινήσεως
3248 686 3590 756 εὐαισθήτως
3609 691 3700 741 καί

2128 768 2404 838 ἐμφανῶς.
2438 771 2573 841 Πρὶν
2605 771 2662 824 δὲ
2696 771 2795 841 τῆς
2838 774 3120 844 ἐνεργείας
3155 776 3251 828 xui
3291 777 3576 848 δύναμεως
3609 783 3701 833 xui

2130 861 2394 930 κινήσεως
2413 863 2468 914 ἐν
2487 862 2684 934 καρδίᾳ
2713 865 2742 917 ό
2766 862 2890 928 νοῦς
2914 866 3191 938 αἴσθηται,
3211 869 3270 920 οὐ
3293 868 3452 937 μόνον
3474 871 3574 940 οὐχ
3595 873 3700 937 ἕξει

2128 951 2190 1004 τὸ
2218 952 2535 1021 στερέμνιον
2563 955 2626 1006 ὲκ
2655 953 2748 1008 τοῦ
2777 955 2873 1026 τὴν
2900 957 3076 1010 κτίσιν
3119 959 3213 1010 xui
3238 959 3335 1029 τὴν
3379 960 3534 1015 θείαν
3575 962 3702 1030 Γρα-

2131 1046 2236 1116 φὴν
2261 1047 2610 1118 θεωρητικῶς
2645 1048 2740 1101 xui
2764 1051 3150 1118 πνευματικῶς
3192 1051 3577 1121 ἀναλέγεσθαι,
3611 1058 3702 1107 xui

2132 1141 2387 1206 συνάγειν
2414 1141 2493 1204 εἰς
2522 1141 2622 1194 ἕνα
2641 1141 2800 1209 λόγον
2822 1142 2890 1195 τά
2917 1144 2975 1195 ὲν
3009 1145 3218 1206 αὐτοῖς,
3253 1145 3390 1198 ἀλλά
3416 1147 3513 1199 xui
3543 1146 3703 1215 φόϐος

2129 1231 2470 1295 ὅτιπλεῖστος
2487 1233 2738 1303 περίεστι
2753 1233 2954 1304 μήποτ’
2983 1233 3173 1303 ὄληται
3201 1236 3699 1306 παραφαντασθείς.

2131 1325 2222 1376 Διὸ
2251 1323 2336 1394 δὴ,
2369 1325 2423 1376 si
2445 1324 2504 1375 τί
2534 1341 2598 1393 γε
2624 1325 2917 1396 μέλλοιμεν
2947 1327 3199 1396 ἀσχολίαν
3249 1328 3578 1398 ποιήσασθαι
3613 1329 3703 1382 τοῦ

2131 1415 2221 1468 τὸν
2244 1415 2376 1468 Θεὸν
2404 1418 2469 1468 ὲκ
2493 1417 2716 1486 Γραφῆς
2746 1416 2991 1488 θεωρεῖν,
3013 1420 3108 1470 xui
3137 1421 3234 1490 τῆς
3259 1420 3511 1486 κτίσεως,
3540 1421 3703 1473 svos:-

2129 1506 2234 1570 δὼς
2255 1522 2314 1559 τε
2342 1508 2435 1560 xui
2462 1507 2722 1578 μονειδῶς
2750 1509 2875 1570 τοὺς
2905 1507 3134 1571 πολλοὺς
3158 1509 3348 1578 λόγους
3375 1510 3484 1564 τῶν
3511 1511 3700 1576 ὄντων,

2131 1599 2225 1651 xui
2266 1600 2336 1650 τὰ
2367 1598 2700 1668 θεωρήματα
2733 1600 2810 1673 είς
2844 1599 2940 1652 ’ἐνα
2974 1600 3132 1667 λόγον
3165 1603 3259 1655 xui
3292 1602 3511 1673 πνεῦμα
3565 1620 3705 1672 συμ-

467 1690 790 1756 aeternitate,
844 1691 896 1745 in
956 1693 1122 1747 corde
1153 1703 1342 1748 nostro
1388 1695 1542 1763 prius
1593 1693 1911 1747 thesaurum
1949 1691 2036 1746 in-

2138 1690 2482 1754 πτύσσοντες,
2509 1690 2738 1760 ἑνοειδῆ.
2788 1691 2881 1743 xui
2906 1692 3112 1757 ἀπλῆν,
3148 1692 3243 1745 xui
3289 1693 3530 1746 ἀνείδεον
3572 1694 3705 1748 θεω-

469 1780 651 1835 venire
682 1783 1000 1839 Studeamus
1026 1797 1080 1840 et
1102 1801 1324 1840 oremus
1353 1787 1522 1840 Deum
1554 1794 1802 1840 sanctum
1840 1794 1899 1838 ut
1931 1794 2038 1839 ter-

463 1889 522 1926 ra
550 1894 559 1922 :
602 1884 842 1930 nostram
869 1891 966 1930 sua
994 1877 1365 1932 misericordia
1391 1877 1707 1947 adimplcat.
1747 1875 2036 1937 Ettunr,si

463 1980 571 2033 qua
604 1967 746 2021 adsit
776 1969 1038 2037 potentia,
1088 1981 1320 2024 mentem
1360 1979 1601 2023 nostram
1649 1971 1714 2023 ad
1767 1969 1859 2022 Dei
1890 1970 2039 2035 cogi-

465 2058 720 2112 tationem
753 2061 1050 2128 erigamus,
1084 2062 1412 2133 simpEicem,
1441 2071 1500 2116 ut
1536 2063 1741 2116 dictum
1776 2073 1882 2125 est,
1919 2063 2040 2116 uni-

469 2149 720 2216 t'ormem,
771 2168 879 2207 non
924 2154 1234 2223 ﬁguratam,
1285 2163 1573 2223 αξιοι-ηοω,
1622 2156 1939 2210 itnmensam
1986 2165 2042 2211 et

471 2241 760 2308 inﬁnitam,
827 2244 883 2298 in
944 2243 1107 2300 Verbi
1171 2254 1226 2302 et
1283 2246 1521 2317 Spiritus
1583 2249 2043 2318 contemplatione

465 2343 521 2390 et
548 2335 772 2390 auxilio.
1003 2341 1010 2350 '

542 2604 630 2662 84.
673 2606 903 2674 Quando
925 2618 1072 2664 recta
1098 2625 1161 2665 ac
1177 2609 1414 2680 simplici
1455 2611 1815 2682 dispositione
1849 2615 2046 2668 animze

461 2696 634 2761 homo
662 2701 880 2756 virtutis
909 2717 1133 2758 cursum
1169 2704 1399 2774 perﬁcit,
1427 2721 1550 2759 cum
1578 2707 1768 2762 humili
1801 2723 1966 2763 sensu
1988 2707 2042 2762 in

471 2792 728 2858 patientia
769 2802 822 2848 et
851 2808 946 2864 spe
987 2811 1053 2850 ex
1103 2797 1208 2852 tide
1253 2809 1395 2863 orta,
1433 2798 1715 2854 viviﬁcaris
1763 2808 1944 2854 autem
1991 2812 2047 2858 et

463 2901 736 2958 perpetuo
770 2893 1078 2947 scaturiens
1105 2894 1280 2948 sancti
1315 2894 1564 2964 Spiritus“
1583 2895 1758 2949 virtus
1792 2905 1844 2949 et
1870 2895 2048 2950 eﬂica-

455 2980 550 3038 ,cia
583 2994 680 3035 cor
707 2985 1098 3050 penetraverit,
1143 2986 1339 3063 anima:
1371 2987 1646 3056 potentias
1674 3002 1799 3040 rere
1844 2987 2048 3042 iilumi-

2131 1781 2252 1850 ρίαν
2283 1780 2516 1850 ὁρῶντες
2545 1783 2602 1834 ὲν
2627 1783 2898 1854 ἀοριπίᾳ,
2939 1784 3032 1836 xui
3075 1785 3320 1853 ἀπειρίᾳ,
3353 1785 3447 1836 xui
3477 1786 3704 1855 ἀναρχό-

2099 1915 2110 1924 ..
2131 1889 2276 1943 τητι,
2308 1874 2400 1926 τὸν
2439 1874 2536 1944 τῆς
2563 1874 2787 1944 καρδίας
2818 1875 2976 1944 ἡμῶν
3005 1875 3271 1945 πρότερον
3297 1875 3446 1929 ἔνδον
3475 1877 3703 1944 εὑρηκέ-

2134 2003 2224 2041 ναι
2277 1983 2607 2053 ζητήσωμεν
2640 1980 2942 2050 θησαυρὸν,
2991 1979 3088 2032 xui
3146 1978 3514 2048 ίκετεύσωμεν
3565 1977 3699 2030 Θεδν

2133 2077 2310 2146 ἀγιον,
2346 2073 2634 2145 πληρῶσαι
2658 2074 2758 2141 τὴν
2799 2072 2905 2142 γῆν
2947 2069 3105 2142 ἡμῶν
3143 2056 3247 2124 τοῦ
3277 2071 3460 2133 ὲλέοος
3502 2067 3698 2123 αὐτοῦ·

2131 2170 2228 2222 καὶ
2254 2167 2374 2220 τότε
2403 2167 2459 2219 εῐ
2485 2182 2567 2228 τις
2592 2163 2844 2232 δύναμις,
2883 2163 2996 2224 ἀνω
3041 2162 3221 2232 δῶμεν
3252 2160 3576 2230 ἐλευθερίως
3611 2162 3704 2215 τὸν

2131 2259 2257 2314 νοῦν
2286 2258 2422 2328 πρὸς
2447 2257 2581 2310 Θεοῦ
2610 2256 2959 2324 κατανόησιν.
2985 2253 3216 2322 ὲνοειδῆ,
3240 2253 3316 2315 ὡς
3340 2254 3579 2322 εἴρηται,
3617 2253 3706 2305 xui

2137 2347 2411 2421 μονοειδῆ,
2439 2346 2640 2416 ἀπλῆν,
2663 2346 2920 2408 ἀνείδεον,
2947 2344 3408 2413 ἀΐδιον,ἀπειρον,
3440 2344 3534 2394 xui
3566 2342 3709 2412 ἀόρι⁹

2135 2459 2278 2504 στον,
2308 2443 2364 2494 ὲν
2395 2440 2599 2510 θεωρίᾳ
2627 2439 2720 2492 xui
2753 2438 2978 2509 βοηθείᾳ
2999 2436 3093 2490 τοῦ
3117 2436 3293 2505 Λόγου
3327 2452 3386 2488 τε
3420 2435 3518 2489 xui
3545 2433 3712 2488 Πνεύ-

2137 2549 2331 2604 ματος.

2209 2624 2313 2676 πδ’.
2358 2621 2627 2690 Ὀπηνίκα
2671 2621 2792 2681 ταῖς
2827 2616 3030 2681 εὐθέσι,
3081 2616 3176 2670 xui
3209 2615 3496 2677 ἀπλοῖκαῖς
3539 2613 3715 2666 διαθέ-

2139 2733 2256 2768 σεσι
2283 2715 2381 2783 τῆς
2413 2712 2594 2782 ψυχῆς
2623 2711 2712 2764 τὸν
2743 2711 2884 2762 κατά
2905 2694 3004 2772 τὰς
3039 2708 3240 2779 ἀρετὰς
3269 2709 3470 2777 δρόμον
3497 2706 3565 2759 δι’
3589 2708 3716 2775 ἀρε·

2137 2806 2243 2860 τῶν
2291 2803 2433 2874 μετὰ
2481 2802 2829 2873 φρονήματος
2881 2799 3140 2854 ταπεινοῦ
3195 2801 3252 2852 ὲν
3324 2800 3571 2868 ὑπομονῇ
3623 2798 3719 2850 xui

2136 2894 2314 2950 ἑλπίδι
2351 2895 2418 2964 τῇ
2467 2892 2554 2946 διὰ
2589 2892 2825 2954 πίστεως
2861 2889 3171 2953 διανύοντος
3200 2889 3295 2942 τοῦ
3328 2890 3649 2960 ἀνθρώπου,
3681 2891 3717 2959 ἠ

2139 2983 2406 3050 ζωοποιδς
2433 2982 2525 3037 καὶ
2563 2981 2844 3044 ἀείσλυτος
2884 2978 2980 3033 τοῦ
3015 2979 3174 3046 ἁγίου
3211 2979 3530 3048 Πνεύματος
3562 2978 3723 3033 δύνα-

463 3086 632 3138 mns,
681 3090 1011 3146 movensque
1040 3057 1332 3134 manifeste
1357 3087 1409 3134 et
1439 3079 1686 3135 excitans
1713 3081 1779 3136 ad
1803 3082 2040 3151 seipsam

2138 3109 2231 3163 μις
2263 3090 2360 3144 xui
2389 3089 2643 3160 ἐνέργεια
2676 3089 2743 3159 τῇ
2778 3085 2977 3156 καρδίᾳ
3010 3083 3360 3155 ἐπιδημήσει,
3403 3083 3717 3152 φωτίζουσα

462 3168 664 3224 invitat
719 3181 979 3237 mentem,
1035 3172 1161 3240 quia
1191 3171 1374 3226 statim
1423 3181 1478 3228 et
1525 3172 1878 3230 inetiabiliter
1937 3175 2042 3246 ipsi

2138 3183 2471 3256 γιγνομένως
2496 3181 2754 3252 δυνάμεις
2780 3178 2878 3243 τὰς
2904 3178 3163 3248 ψυχικὰς,
3187 3177 3507 3246 πεφυκότως
3536 3192 3719 3228 κινου-

461 3261 678 3328 ειιιιίιιιτ,
709 3261 785 3318 ita
817 3271 896 3330 ut:
933 3278 1120 3319 revera
1155 3278 1312 3320 mens
1353 3275 1409 3320 et
1450 3266 1623 3336 gratia
1668 3266 2044 3324 indubitanter

463 3360 605 3410 sane
652 3369 795 3412 unus
830 3354 1056 3427 spiritus
1098 3357 1251 3422 ﬁant,
1297 3367 1426 3414 tunc
1479 3373 1613 3415 sane
1651 3375 1808 3416 mens
1854 3371 2048 3431 sponte

471 3452 621 3509 venit
665 3453 851 3524 gratiae
903 3454 1108 3509 auxilio
1161 3454 1344 3526 ailjuta
1382 3455 1450 3512 ad
1505 3457 2045 3527 contemplationem.

464 3557 721 3602 cessante
750 3545 1093 3602 ineti‘abiliter
1112 3548 1234 3618 ejus
1262 3564 1450 3604 errore
1473 3559 1524 3605 et
1559 3552 1845 3621 vagatione
1873 3551 2048 3606 sancti

463 3653 535 3692 :ac
567 3635 891 3692 viviﬁcantis
921 3633 1157 3706 Spiritus
1188 3637 1387 3694 virtute
1421 3646 1476 3694 et
1522 3637 1948 3700 iilumiuatione.
1995 3651 2051 3692 et

467 3731 529 3786 'in
553 3729 922 3801 spiritualium
957 3730 1048 3786 Dei
1073 3732 1452 3802 mysteriorum
1480 3731 1867 3787 revelationem
1902 3729 2054 3786 festi-

479 3830 594 3888 nat,
611 3833 665 3879 et
685 3824 1001 3879 omnimodo
1019 3825 1359 3894 paeilieoque
1374 3824 1614 3892 silentio,
1633 3825 1856 3893 proprio
1878 3842 1940 3880 ac
1961 3841 2054 3878 na-

475 3916 638 3971 turali
656 3924 880 3986 aspectu
907 3916 960 3969 in
981 3915 1422 3987 supernaloralia
1439 3925 1492 3971 et
1527 3914 1820 3972 ineﬂ‘abilia
1840 3915 2057 3972 incede-

477 4023 538 4064 re
564 4018 759 4074 tentat,
775 4019 828 4064 et
851 4011 1015 4064 tacite
1037 4009 1209 4080 magis
1229 4007 1424 4076 Deum,
1444 4019 1502 4065 ut
1530 4010 1644 4066 ﬁeri
1663 4018 1858 4080 potest,
1873 4009 2056 4067 videre

481 4113 714 4158 conatur
733 4119 859 4159 cum
877 4103 1191 4159 divinorum
1211 4104 1467 4170 scientia,
1481 4117 1546 4160 ex
1566 4104 1743 4161 sacris
1762 4103 2047 4160 Lecti0ni-

479 4198 584 4255 bus
613 4197 839 4266 hausta,
859 4208 1064 4270 quanto
1085 4198 1280 4268 magis,
1305 4199 1542 4268 seipsam
1569 4197 1846 4269 reliquerit
1879 4198 2052 4252 humi-

476 4293 614 4347 ‘liata
653 4300 709 4348 et
731 4308 921 4358 orans,
967 4301 1160 4347 sancto
1198 4290 1291 4347 Dei
1324 4290 1533 4362 Spiritu
1583 4301 1750 4346 mota.
1780 4290 1932 4348 Tunc
1959 4292 2057 4361 igi-

2137 3279 2272 3351 μένη
2320 3275 2656 3348 περιφανῶς,
2709 3273 2805 3328 xui
2857 3269 3273 3343 παρακαλοῦσα,
3333 3270 3471 3340 πρὸς
3517 3269 3721 3337 ἑαυτὴν

2137 3371 2532 3444 προσκαλεῖται
2577 3369 2671 3422 τὸν
2719 3365 2977 3437 ἐνεργείᾳ
3022 3363 3148 3418 νοῦν
3198 3364 3279 3416 ὅτι
3329 3363 3564 3432 τάχιστα
3620 3361 3719 3413 καὶ

2137 3463 2396 3535 ἀρρήτως
2425 3458 2640 3513 ἑνοῦται
2670 3456 2844 3526 αὐτῷ,
2875 3454 2953 3520 ὡς
2997 3451 3140 3508 εῐναι
3168 3453 3247 3523 τῷ
3288 3452 3403 3505 am
3448 3452 3538 3505 τὸν
3591 3451 3720 3506 νοῦν

2138 3556 2233 3610 xui
2265 3552 2364 3625 τὴν
2393 3554 2552 3624 χάριν
2577 3549 2896 3622 τοτηνικάδε
2931 3547 3348 3618 ἀναμφιλέκτως
3375 3548 3457 3610 είς
3495 3545 3720 3614 πνεῦμα

2139 3648 2219 3712 ἓν,
2243 3646 2362 3700 τότε
2393 3645 2457 3714 δὴ
2487 3643 2608 3697 τότε
2639 3644 2667 3697 ὁ
2699 3643 2823 3705 νοῦς
2864 3640 3162 3711 αὐτόμολος
3194 3639 3318 3708 ἥκει
3343 3641 3410 3710 τῇ
3455 3637 3723 3709 ἐπιπνοίᾳ

2140 3740 2235 3810 τῆς
2261 3739 2484 3808 χάριτος
2541 3733 2905 3804 βοηθούμενος
2953 3733 3090 3804 πρὸς
3128 3732 3191 3784 τὸ
3236 3731 3485 3802 θεωρεῖν,
3515 3729 3724 3799 στάσης

2142 3830 2380 3900 δηλονότι
2419 3828 2712 3899 ἀφράστως
2738 3825 2837 3896 τῆς
2869 3825 3023 3879 τοῦδε
3052 3824 3380 3894 περιφορᾶς,
3425 3825 3522 3875 xui
3560 3838 3725 3891 περι-

2142 3922 2459 3992 πλανήσεως
2487 3922 2553 3990 τῇ
2607 3917 2860 3989 ἐνεργείᾳ
2895 3917 2990 3968 xui
3027 3916 3106 3986 τῷ
3141 3914 3280 3984 φωτὶ
3309 3914 3404 3968 τοῦ
3455 3912 3726 3979 ζωοποιοῦ

2144 4013 2239 4069 xui
2279 4012 2432 4081 ἁγίου
2481 4009 2822 4080 Πνεύματος,
2865 4007 2960 4062 xui
3008 4009 3088 4071 είς
3143 4005 3515 4075 ἀποκαλύψεις
3562 4006 3729 4074 φοιτᾷ

2147 4101 2463 4173 μυστηρίων
2498 4099 2657 4154 θείων
2711 4099 2954 4169 νοητῶν,
2991 4099 3085 4151 xui
3127 4100 3306 4167 σιωπῇ
3352 4097 3582 4168 παντοίᾳ
3629 4099 3729 4150 xui

2145 4195 2354 4267 ἡσύχῳ,
2382 4193 2497 4263 ἰδίῳ
2529 4193 2796 4261 πεφυκότι
2828 4191 3102 4262 βλέμματι
3129 4189 3456 4260 ἐμϐατεύειν
3489 4191 3730 4255 ἐφικνεί-

2148 4303 2236 4340 ται
2265 4283 2603 4354 ὑπερφυέσιν
2634 4283 2914 4353 ἀρρήτοις,
2949 4281 3044 4334 xui
3083 4280 3308 4334 τοσοῦτο
3348 4279 3550 4348 μᾶλλον
3590 4277 3724 4330 θεω-

476 4395 572 4439 tur
603 4400 710 4440 non
742 4393 898 4440 extra
929 4384 1258 4455 theologiam
1296 4385 1398 4440 sita
1426 4393 1532 4449 est,
1571 4384 1666 4439 sed
1707 4387 1891 4439 statim
1941 4386 2048 4454 ipsa

2154 4379 2234 4446 ρεί
2264 4376 2358 4428 xui
2393 4374 2797 4444 θεοληπτείται,
2832 4374 2927 4426 xui
2957 4375 3094 4443 πρὸς
3122 4372 3183 4426 τὸ
3211 4373 3304 4425 τὸν
3339 4371 3471 4425 Θεὸν
3502 4369 3575 4432 ὡς
3617 4364 3732 4420 οἶόν

473 4477 734 4548 theologa
763 4487 868 4540 est,
904 4485 958 4532 et
1007 4491 1114 4531 non
1138 4478 1374 4532 sustinet
1421 4476 1488 4532 de
1522 4476 1632 4530 Deo
1665 4491 1773 4532 non
1818 4477 1962 4548 loqui
1997 4492 2048 4531 ac

2148 4481 2206 4517 τε
2241 4465 2372 4534 ὀρᾷν
2417 4462 2757 4518 ἀνατείνεται
2801 4463 2918 4532 μετ’
2958 4461 3268 4532 ἐπιστήμης
3309 4461 3419 4514 τῶν
3458 4460 3640 4519 Θείων,
3669 4458 3732 4522 ἐξ

479 4582 751 4644 perpetuo
776 4587 791 4636 ;
816 4570 909 4625 sed
930 4571 1048 4624 sine
1067 4569 1279 4624 caelesti
1311 4569 1422 4633 illo,
1455 4570 1599 4637 quod
1629 4567 1888 4631 dixinms.
1916 4570 2048 4624 donc

2153 4555 2312 4625 ἱερῶν
2356 4553 2777 4623 συνειλεγμένης
2821 4553 3291 4621 ἀναγνωσμάτων,
3336 4552 3459 4604 ὅσον
3495 4548 3555 4614 ἐξ
3602 4549 3734 4601 ἀνα-

481 4678 553 4718 ac
611 4664 809 4733 spiritu
867 4677 1082 4730 semper
1149 4676 1244 4715 cor
1301 4671 1557 4716 movente
1612 4669 1668 4715 et
1723 4660 2060 4729 inspirante;

481 4756 636 4816 heu!
708 4769 1052 4825 quzrcunque
1084 4769 1236 4809 mens
1293 4752 1462 4814 videt.
1495 4752 1802 4822 phantasia:
1828 4761 1975 4812 sunt,
2011 4763 2067 4804 et

485 4860 835 4916 quacunque
883 4845 951 4899 de
991 4843 1102 4898 Deo
1139 4843 1399 4907 loquitur,
1434 4859 1595 4896 voces
1655 4848 1784 4894 sunt
1828 4840 1880 4894 in
1941 4854 2069 4893 aere

484 4939 728 5004 diffusae,
765 4953 967 4993 sensus
1007 4937 1203 4992 anima:
1236 4951 1344 4991 non
1372 4935 1699 4995 excitantes.
1735 4945 1796 4987 ut
1828 4940 2068 5002 oportet.

482 5034 563 5088 Ex
590 5032 870 5091 auditione
886 5031 1028 5085 enim
1054 5039 1106 5084 et
1124 5031 1306 5085 verbis
1334 5029 1402 5084 ab
1431 5030 1672 5084 externis
1706 5022 2070 5094 venientibus,

486 5126 636 5182 unde
691 5123 1103 5180 fuitestissimus
1159 5138 1334 5187 error,
1366 5121 1734 5193 spiritualium
1781 5131 1833 5174 et
1867 5117 2075 5171 theolo-

483 5223 588 5292 gia!
616 5222 790 5293 ipsius
825 5218 1130 5274 miserrime
1163 5217 1425 5287 originem
1449 5215 1616 5281 ducit,
1635 5228 1758 5266 cum
1795 5229 1900 5266 non
1919 5213 1990 5265 sit
2009 5229 2072 5265 ex

488 5318 655 5372 corde
675 5332 770 5386 per
799 5314 974 5369 sancti
1004 5311 1243 5382 Spiritus
1263 5311 1513 5364 virtutem
1549 5307 1839 5379 producta;
1868 5322 1932 5360 ex
1964 5320 2073 5375 quo

490 5409 855 5484 spiritualium
886 5423 950 5464 ac
968 5406 1255 5474 theologia:
1277 5405 1503 5471 simplex
1523 5411 1578 5457 et
1609 5401 1960 5457 immutabilis
1987 5415 2072 5454 ve-

490 5510 650 5567 ritas,
667 5505 721 5559 in
740 5517 845 5574 qua
867 5501 1091 5557 omnino
1118 5497 1444 5567 loquendum
1466 5506 1570 5552 est.
1608 5495 1814 5549 Etenim
1837 5496 1888 5549 iu
1910 5494 2074 5548 corde

497 5603 591 5660 ubi
608 5617 718 5657 non
739 5602 890 5656 adest
904 5597 1192 5655 manifeste
1215 5594 1540 5665 partieipata
1557 5591 1842 5648 vivificaris
1863 5598 1917 5644 et
1953 5588 2075 5642 illu-

2149 4647 2310 4716 λόγου
2337 4644 2610 4712 ἀφιδιάζει
2646 4643 3101 4708 ταπεινούμενος,
3152 4644 3246 4697 xui
3293 4641 3736 4714 προσευχόμενος

2148 4760 2176 4811 ὁ
2209 4757 2314 4810 ὐπὸ
2362 4755 2456 4808 τοῦ
2505 4753 2640 4806 Θεοῦ
2692 4753 2749 4804 ὲν
2802 4751 2943 4820 ἁγίῳ
2988 4749 3683 4820 Πνεύματιὲνεργούμενος
3713 4763 3730 4778 ο

2148 4847 2257 4903 τότ’
2303 4846 2396 4900 οὐν
2438 4844 2560 4899 οὐδὲ
2595 4844 2688 4898 τοῦ
2721 4843 2993 4912 θεολογεῖν
3047 4845 3196 4896 ἐστιν
3240 4842 3419 4907 ἐκτὸς,
3452 4839 3570 4893 ἀλλ’
3615 4838 3737 4907 ἅμα

2153 4937 2313 5002 εὐθύς
2356 4937 2505 4990 ἐστιν
2544 4933 2870 5005 αὐτόχρημα
2927 4932 3216 5000 θεολόγος,
3271 4932 3364 4986 xui
3419 4931 3493 5002 μὴ
3549 4928 3736 4982 θεολο-

2158 5033 2274 5098 γεῖν
2323 5029 2424 5082 οὐκ
2481 5027 2760 5096 ἀνέχεται,
2822 5024 2916 5078 xui
2967 5023 3230 5094 διηνεκῶς
3289 5022 3396 5093 (1),
3448 5021 3616 5092 χωρὶς
3675 5019 3735 5072 δὲ

2154 5119 2362 5192 δωρεᾶς
2413 5117 2666 5188 οὐρανίου
2705 5115 2806 5186 τῆς
2860 5115 3178 5185 εἰρημένης,
3217 5115 3311 5167 xui
3357 5113 3524 5184 χωρὶς
3558 5109 3731 5164 Ilvati-

2160 5229 2333 5284 ματος
2389 5208 2636 5281 ἐναργῶς
2685 5207 2974 5277 ἀεικίνητα
3031 5207 3282 5269 πνέοντος
3336 5206 3395 5257 ὲν
3445 5203 3553 5272 ἄρα
3603 5219 3740 5273 καρ-

2155 5307 2267 5377 δίᾳ,
2289 5305 2424 5373 φεῦί
2458 5304 2560 5356 ὅσα
2596 5303 2624 5355 ὀ
2658 5301 2778 5363 νοῦς
2810 5299 3258 5370 ὁρᾷ,ιφαντασίαι
3286 5297 3440 5351 τοῦδέ
3479 5299 3606 5361 είσι,
3641 5296 3736 5348 xui

2157 5401 2256 5453 ὅσα
2289 5397 2548 5464 θεολογεῖ,
2579 5394 2729 5461 λόγοι
2756 5392 3034 5464 τηνάλλως
3067 5392 3206 5444 εἰσὶν
3237 5392 3315 5455 είς
3351 5389 3487 5458 ἀέρα
3512 5388 3737 5457 προχεό-

2164 5505 2334 5559 μενοι,
2369 5486 2430 5539 τὸ
2454 5490 2556 5554 τῆς
2592 5482 2766 5554 ψυχῆς
2815 5483 3168 5553 αἰσθητήριον
3205 5480 3280 5552 μὴ
3311 5479 3668 5548 ὃιεγείροντες

2159 5580 2286 5652 χρή.
2323 5577 2413 5642 Ἐξ
2450 5579 2620 5647 ἀκοῆς
2665 5574 2774 5648 [ισ.
2811 5576 3008 5629 λείπει
3041 5574 3106 5628 τὸ
3145 5572 3276 5644 γὰρ]
3305 5572 3604 5642 ἐνεργεῖται
3642 5565 3730 5618 καὶ

565 5743 639 5815 (1)
677 5739 916 5812 Ὀμοίως
950 5739 1040 5793 xui
1075 5736 1136 5792 τὸ
1170 5734 1344 5806 ίαρὺν
1373 5729 1677 5803 σημειῶδες
1716 5726 1949 5796 ὑπάρχει
1986 5726 2057 5788 ὡς
2099 5725 2194 5794 τῆς
2232 5721 2440 5790 πλάνης
2464 5713 2927 5792 προφυλακτικόν.

3743 5829 3773 5837 4.
3785 5828 3788 5832 η
