3996 6202
354 295 458 360 929

1515 292 1620 353 DE
1647 293 1821 354 VlTA
1858 290 2517 354 CONTEMPLATIVA.

3509 287 3614 348 9ἷο

354 431 531 498 λόγων
561 426 748 479 ἰόντων
781 421 1001 488 ἔξωθεν,
1045 419 1168 472 ὅθεν
1219 420 1253 488 ἡ
1293 415 1577 480 πάνδεινος
1611 413 1787 484 πλάνη
1829 409 1942 464 τῶν

2061 413 2270 486 minans
2304 410 2539 480 Spiritus
2574 412 2746 468 sancti
2773 412 2942 466 virtus
2976 419 3028 465 ct
3064 426 3277 478 semper
3309 410 3616 467 scatttrlens

359 521 587 593 νοητῶν,
623 517 716 570 καὶ
771 512 1054 579 θεολογίας
1083 511 1252 580 αὐτῆς
1286 508 1471 572 κακῶς
1509 510 1568 571 ὲς
1603 506 1670 560 τὰ
1707 504 1945 575 μάλιστα.

363 591 487 685 ἔσχε
514 612 611 683 τὴν
653 608 906 678 πάροδον,
937 607 1040 658 οὐκ
1067 606 1131 656 ὲκ
1161 601 1388 673 καρδίας
1414 596 1814 670 ἐνεργουμένης
1837 591 1943 647 ὑπὸ

365 706 456 760 τοῦ
492 701 815 773 φωτίζοντος
843 700 886 751 Π
905 698 981 750 ιεύ
991 711 1179 766 ματος,
1199 693 1323 745 ὅθεν
1349 692 1457 743 τῶν
1482 688 1686 758 νοητῶν
1715 687 1748 756 ἡ
1779 685 1945 738 ἑνοει-

367 798 462 868 δὴς
497 797 591 849 καὶ
629 791 907 859 θεολογίας
953 791 1223 857 ἄτρεπτος
1265 783 1514 868 ἀλήθεια,
1555 779 1613 833 ἓν
1715 777 1942 831 καθόλου

368 867 556 957 φάναι·
590 887 684 938 καὶ
739 882 848 956 γὰρ
900 883 957 932 ὲν
990 881 1058 949 τῇ
1108 875 1342 947 καρδίᾳ,
1378 875 1436 926 ἐν
1569 871 1630 924 ού
1681 869 1947 939 πάρεστιν

371 980 631 1051 ἐμφανῶς
659 977 736 1046 τῷ
781 975 993 1044 μετόχῳ
1027 973 1062 1042 ἡ
1106 967 1369 1035 ζωοποιδς
1400 966 1495 1019 καὶ
1521 961 1826 1032 φωτιστικὴ
1852 957 1955 1011 τοῦ

375 1073 689 1141 ΙΙνεύματος
741 1067 991 1134 δύναμις,
1024 1063 1119 1116 καὶ
1172 1064 1424 1130 ἐνέργεια
1471 1054 1790 1117 ἀειῦλύτως,
1840 1052 1950 1104 εἴτε

377 1167 616 1218 πνέουσα
644 1161 786 1214 θέλοι
817 1176 899 1222 τις
953 1157 1157 1224 λέγειν,
1207 1153 1316 1206 εἴτε
1367 1150 1587 1221 ῥέουσα,
1615 1148 1807 1208 ἓνωσις
1853 1143 1953 1195 οὐκ

378 1258 527 1310 ἔστιν
561 1257 676 1307 ἐκεῖ
705 1250 888 1322 νοερὰ,
917 1248 1053 1301 ἀλλά
1084 1245 1285 1316 μᾶλλον
1320 1241 1605 1312 διαίρεσις,
1642 1237 1763 1290 οὐδὲ
1792 1235 1954 1288 δύνα-

387 1365 478 1417 μις
509 1346 602 1398 καὶ
631 1344 843 1406 στάσις,
893 1339 1008 1394 ἀλλ’
1039 1337 1296 1390 ἀσθένεια
1335 1334 1430 1388 καὶ
1466 1330 1790 1402 τρεπτότης,
1830 1325 1956 1417 οῦτσ

388 1415 496 1508 μὴν
546 1435 860 1506 ἐφαμίλλως
913 1431 1051 1500 φῶς,
1102 1429 1195 1482 καὶ
1241 1428 1431 1498 ὅρασις
1477 1421 1767 1493 ἀληθείας,
1822 1415 1959 1471 ἀλλὰ

387 1507 588 1598 μᾶλλον
613 1529 831 1590 σκότος,
865 1523 968 1576 καὶ
1007 1520 1310 1590 φαντασίας
1339 1517 1543 1578 εἰκαῖος
1580 1507 1981 1579 ἀναπλασμὺς,·

388 1626 483 1677 καὶ
511 1621 570 1674 τὸ
598 1621 720 1673 ὅλον
765 1616 989 1684 ἀλογίας
1019 1614 1115 1666 καὶ
1155 1611 1366 1678 πλάνης
1404 1607 1519 1669 ὁδός
1543 1622 1557 1636 ·
1587 1606 1646 1658 ὲν
1692 1602 1838 1672 τρισὶ
1866 1598 1962 1653 καὶ

389 1719 499 1787 γὰρ
519 1713 756 1778 τάξεσιν,
786 1710 819 1779 ἢ
838 1711 1001 1771 ὁδοῖς,
1018 1705 1159 1760 κατὰ
1174 1705 1298 1766 τοὺς
1314 1703 1585 1771 ῐιατέρας,
1607 1699 1803 1787 διιέναι
1823 1695 1962 1787 ἔχων

389 1783 422 1860 ό
460 1783 602 1866 νοῦς,
637 1799 883 1870 φυσικῶς
941 1796 1166 1866 δηλαδὴ,
1207 1792 1501 1864 ὑπερφυῶς
1531 1790 1625 1843 καὶ¹
1672 1786 1822 1856 παρά
1863 1783 1964 1852 τὴν

2059 506 2317 571 cﬂicacia,
2351 506 2466 562 sive
2497 507 2795 576 inspirans,
2819 518 2874 559 ut
2902 503 3118 574 quidtitn
3154 503 3263 557 dici
3286 504 3472 568 velint,
3498 504 3615 559 sive

2055 595 2250 660 ﬂuens.
2282 598 2353 651 ilti
2387 613 2493 651 non
2534 606 2619 652 est
2642 595 2940 666 spiritttalis
2983 596 3135 658 nnio,
3168 595 3261 648 sed
3297 593 3476 663 potius
3530 593 3614 648 di-
3684 665 3690 676 Ι

2057 689 2216 746 visio.
2255 704 2427 756 neque
2459 690 2568 754 vis,
2601 706 2740 756 nequ
2764 710 2774 723 ·
2802 688 3093 754 stabilitas,
3114 691 3203 740 sed
3229 689 3518 742 inlirmitas
3547 702 3610 741 ac

2063 783 2422 844 mtttabilitas,
2448 797 2620 852 neque
2649 785 2826 837 lumen
2858 799 2920 837 ac
2957 784 3094 836 visio
3117 784 3381 846 veritatis,
3407 783 3498 837 sed
3524 795 3619 850 po—

2059 876 2163 928 tius
2195 875 2427 928 tenebrae
2459 882 2511 926 ct
2551 873 2833 941 pla-ttasizn
2866 890 3000 928 vana
3035 875 3204 936 ﬁctio,
3251 883 3305 930 et
3333 875 3617 929 dementiae

2059 981 2122 1020 ac
2174 967 2376 1020 erroris
2402 965 2506 1018 via.
2539 962 2762 1033 Triplici
2797 965 2995 1020 ordine
3022 974 3116 1019 attt
3142 966 3226 1019 via
3255 981 3410 1020 meus
3428 981 3619 1036 proce-

2058 1059 2182 1111 dere
2215 1066 2408 1126 potest,
2431 1058 2582 1126 juxta
2607 1056 2814 1120 Patres,
2844 1059 3160 1111 naturaliter
3186 1072 3398 1126 nempe,
3422 1071 3611 1123 super-

2057 1150 2399 1216 naturaliter,
2437 1159 2628 1203 contra
2672 1160 2940 1202 naturam.
2971 1150 3198 1216 Quando
3227 1148 3279 1202 in
3309 1149 3613 1203 substantia

2063 1247 2295 1312 qattdam
2336 1259 2489 1296 mens
2517 1244 2916 1312 contemplatur
2944 1243 3145 1312 aliquid
3197 1242 3498 1312 spiritttale,
3537 1255 3623 1296 sc-

2058 1334 2292 1388 cuttdum
2336 1343 2583 1388 naturam
2616 1336 3033 1404 contemplatur,
3063 1351 3186 1389 cum
3239 1335 3474 1391 eﬂicacia
3539 1347 3620 1392 ta-

2061 1441 2184 1480 men
2221 1428 2393 1481 sancti
2441 1425 2673 1494 Spiritus
2707 1429 3142 1496 superuaturali;
3188 1429 3405 1498 quando
3439 1437 3618 1484 autem

2061 1519 2397 1590 byposta-tice
2424 1520 2827 1588 contemplatur
2853 1526 2908 1573 et
2935 1536 3039 1574 non
3086 1520 3140 1574 in
3175 1519 3482 1588 supposito,
3513 1520 3622 1574 dte-

2062 1624 2273 1664 monem
2293 1612 2692 1681 contemplatur
2714 1623 2807 1665 aut
2827 1613 3097 1680 angelum.
3129 1611 3185 1666 Si
3209 1611 3426 1681 quidem
3465 1625 3620 1665 meus

2065 1700 2116 1754 iu
2141 1717 2273 1770 pace
2299 1703 2540 1772 uniatur,
2572 1712 2622 1758 et
2652 1704 2887 1773 Spiritus
2927 1704 3100 1759 sancti
3139 1705 3225 1759 lax
3259 1704 3622 1758 inﬂatnmetur

2060 1793 2316 1854 vividius.
2354 1796 2842 1865 snpernaturaliter
2863 1798 3290 1864 contemplatur,
3324 1794 3616 1851 manifeste

391 1896 573 1964 φύσιν,
611 1895 745 1946 ὅταν
773 1887 1203 1958 ἐν’ὐποκειμένφ
1227 1902 1279 1938 τι
1321 1883 1515 1954 “me”
1540 1884 1568 1935 ὁ
1607 1878 1734 1944 νοῦς
1761 1877 1961 1947 “mpm

2061 1899 2124 1940 ac
2152 1888 2269 1940 sine
2298 1901 2483 1940 errore
2508 1901 2524 1950 ;
2558 1887 2602 1939 si
2655 1902 2783 1941 vero
2807 1887 3040 1942 visibilia
3071 1888 3449 1958 contemplans
3473 1887 3620 1942 divi-

390 1978 532 2033 κατά
555 1975 718 2046 φύσιν
744 1975 866 2046 δρᾷ,
897 1974 1146 2045 μέντοιγε
1179 1973 1297 2043 μετ’
1334 1972 1615 2044 ἐνεργείας
1651 1974 1967 2046 ὑπερφυοῦς

390 2071 488 2124 τοῦ
524 2067 867 2139 Πνεύματος·
895 2069 1023 2121 ὃταν
1047 2067 1104 2119 δὲ
1131 2067 1506 2129 ὑποστατικῶς
1533 2068 1636 2137 ὁρᾷ
1664 2067 1758 2120 καὶ
1783 2068 1882 2122 οὐκ
1908 2071 1968 2124 ἐν

399 2159 1021 2230 ὑποκειμένῳ,σδαίμονα
1055 2159 1236 2228 τυχὸν,
1273 2157 1304 2226 ἦ
1330 2158 1580 2226 ἄγγελον,
1615 2160 1664 2211 εί
1695 2159 1794 2229 μὲν
1822 2161 1967 2231 ἥνω-

390 2270 482 2305 ται
507 2255 536 2304 ὁ
564 2251 688 2314 νοῦς
721 2253 779 2304 ἐν
806 2251 1020 2322 εἰρήνῃ.
1053 2253 1144 2303 καὶ
1172 2252 1203 2320 ἠ
1235 2250 1490 2320 δᾳδουχία
1518 2249 1612 2303 τοῦ
1648 2251 1964 2322 Πνεύματος

317 2394 338 2403 κ
393 2341 838 2414 ἀναζωπυρεῖται
863 2342 1241 2413 σφοδρότερον,
1263 2341 1558 2411 ὑπερφυῶς
1586 2344 1707 2414 ὁρᾷ,
1732 2345 1966 2416 φανερὸν

396 2434 458 2487 δὲ
485 2434 566 2486 ὃτι
601 2435 692 2486 καὶ
721 2431 1015 2495 ἀπλανῶς⁹
1047 2434 1096 2484 εί
1147 2433 1203 2485 δὲ
1239 2434 1308 2485 τὰ
1361 2434 1613 2504 ὁρώμενα
1645 2436 1787 2504 ὁρῶν
1829 2435 1968 2491 διαι-

399 2527 572 2595 ρεῖται
615 2524 709 2576 καὶ
764 2523 1108 2596 ἀμαυροῦται
1156 2525 1184 2576 ὁ
1245 2521 1393 2587 νοῦς,
1431 2527 1526 2576 καὶ
1573 2526 1607 2595 ἡ
1655 2525 1886 2596 δύναμις
1931 2528 1966 2595 ή

2057 1977 2606 2033 datttretinﬁrtnetur
2632 1993 2806 2044 mens,
2835 1989 2890 2033 et
2927 1979 3136 2035 viviﬁca
3195 1980 3368 2034 virtus
3415 1978 3621 2035 exstin-

2058 2079 2274 2142 guatur,
2298 2081 2425 2126 tunc
2449 2082 2634 2127 contra
2660 2081 2909 2127 naturam
2933 2073 3074 2127 videt
3103 2080 3156 2127 et
3181 2073 3296 2126 ltaac
3315 2071 3622 2127 esterroris

2057 2162 2458 2229 contemplatio.
2512 2163 2634 2218 ldei
2681 2179 2788 2218 non
2853 2173 3073 2231 Oportet
3128 2172 3363 2218 mentem
3433 2164 3615 2218 inten-

2056 2253 2184 2308 dere
2216 2253 2283 2308 ad
2310 2255 2641 2321 spiritualem
2666 2255 2927 2310 visionem
2957 2257 3311 2326 Itypostatiee,
3345 2269 3517 2324 neque
3542 2256 3625 2310 vi-

2056 2344 2436 2400 sioni'credere
2464 2347 2974 2419 quomodocunque,
3005 2348 3108 2402 nisi
3155 2362 3251 2402 cor
3282 2347 3439 2413 juxta
3490 2361 3628 2416 prte-

2057 2437 2198 2491 dicta
2239 2448 2522 2492 moveatur
2549 2448 2602 2492 et
2625 2439 2886 2494 amciatur
2918 2439 3151 2508 Spiritus
3195 2441 3367 2496 sancti
3395 2439 3622 2509 virtute,

2058 2531 2101 2584 si
2127 2531 2324 2585 mentis
2352 2545 2496 2583 same
2517 2532 2886 2600 sapientisque
2919 2548 3039 2587 esse
3068 2534 3326 2589 velimus.

397 2618 667 2685 ζωοποιδς
709 2617 1022 2682 σϐέννυται,
1053 2615 1208 2687 παρά
1251 2615 1416 2686 φύσιν
1448 2616 1574 2688 ὁρᾷ,
1628 2616 1723 2668 καὶ
1761 2615 1864 2683 τῆς
1905 2615 2114 2681 πλάνης
2148 2619 2296 2670 ἐστὶν
2328 2619 2511 2689 ἐκείνη
2543 2621 2576 2691 η
2605 2620 2816 2690 ὅρασις.
2860 2621 2960 2674 Διά
2990 2617 3147 2674 τοῦτο
3197 2622 3297 2677 οὐκ
3329 2621 3638 2678 ἀνατείνει-ι

397 2717 490 2767 τὸν
523 2711 650 2766 νοῦν
686 2711 827 2782 πρὸς
864 2711 1054 2783 ὅρασιν
1081 2709 1466 2779 πνευματικὴν
1495 2707 1883 2769 ὑποστατικῶς
1915 2712 2045 2777 χρὴ,
2091 2707 2213 2760 οὐδὲ
2245 2711 2312 2779 τῇ
2360 2709 2552 2780 δράσει
2594 2710 2874 2764 πιστεύειν
2913 2711 3011 2765 καὶ
3057 2711 3330 2781 ὁπωσοῦν,
3368 2716 3446 2788 μὴ
3481 2719 3637 2789 ἐνερ-

398 2807 675 2877 γουμένης
702 2806 850 2860 κατά
891 2805 960 2858 τὰ
995 2805 1332 2876 προκείμενα
1378 2804 1481 2874 τῆς
1508 2803 1737 2873 καρδίας
1768 2802 1863 2855 καὶ
1897 2802 2231 2871 κινουμένης
2285 2801 2390 2879 ὑπὸ
2429 2803 2529 2872 τῆς
2570 2802 2664 2856 τοῦ
2700 2803 2856 2872 ἁγίου
2889 2803 3177 2883 δυνάμεως
3217 2809 3558 2877 Πνεύματος,
3592 2814 3642 2874 εί

400 2902 704 2971 μέλλωμεν
729 2899 1066 2968 ὑγιαίνοντος
1095 2896 1240 2952 εἶναι
1273 2898 1363 2952 νοῦ
1389 2900 1481 2951 καὶ
1517 2890 1819 2969 σώφρονος.

466 2990 571 3045 πε’.
607 2990 763 3054 Τινὲς
808 2991 1042 3062 οὐρανίῳ
1073 2992 1248 3063 δρόσῳ
1282 2995 1379 3058 τῆς
1419 2993 1677 3064 χάριτος,
1715 2993 1815 3064 τὴν
1854 2998 1962 3047 τῶν

2187 2907 2196 2918 ν

2137 2974 2226 3030 85.
2253 2973 2485 3041 Quidam
2517 2975 2724 3030 cmlesti
2767 2977 2951 3046 gratim
2984 2990 3106 3030 rore
3159 2991 3384 3029 suarum
3417 2975 3630 3044 cupidi-

394 3081 676 3151 σιρετέρων-
701 3081 896 3134 παθῶν·
915 3083 1225 3155 φλεγμονὴν
1262 3084 1444 3148 καλῶς
1483 3101 1545 3152 γε
1591 3084 1873 3148 ποιοῦντες
1906 3087 1961 3150 ές

2070 3079 2237 3123 latum
2273 3069 2548 3132 ardorem,
2583 3069 2786 3139 Optime
2819 3084 2877 3124 se
2907 3081 3174 3138 gerentes,
3201 3083 3401 3122 curare
3428 3084 3633 3123 conan-

395 3172 719 3241 ταμάλιστα,
776 3174 1026 3238 ἐξιᾶσθαι
1078 3175 1413 3248 πειρῶνται·
1450 3175 1581 3246 περὶ
1635 3171 1710 3229 ὧν
1763 3177 1961 3248 δηλαδὴ

395 3261 722 3328 γέγραπταιο
743 3281 762 3313 ι
784 3263 849 3314 Ἡ
870 3263 1060 3334 δρόσος
1083 3265 1116 3335 ἡ
1145 3266 1294 3335 παρά
1309 3263 1401 3317 σοῦ
1427 3265 1564 3336 ίαμα
1589 3267 1715 3336 ἡμῖν
1735 3265 1908 3324 ἔσται.
1939 3285 1958 3318 ι

394 3352 514 3402 Τισὶ
541 3351 597 3404 δὲ
629 3353 719 3422 ἥδε
757 3355 790 3423 ή
824 3355 1089 3426 είρημένη
1135 3355 1346 3426 δρόσος,
1399 3357 1610 3426 μείζονί
1665 3376 1782 3421 πως
1811 3361 1964 3412 ἀντι-

393 3439 553 3512 λήψει
582 3443 700 3514 θείᾳ
733 3445 964 3514 ἥνωται,
993 3447 1087 3498 καὶ
1120 3448 1199 3510 είς
1229 3448 1404 3514 μάννα
1439 3453 1836 3518 μεταποιεῖται,
1869 3451 1967 3504 καὲ

395 3533 468 3594 ὡς
505 3534 569 3586 ἄν
616 3550 709 3586 ποι
752 3536 816 3586 ἐκ
843 3552 990 3600 τινος
1021 3538 1171 3590 σίτου
1211 3539 1602 3607 ἀρτοποιείται,
1644 3540 1966 3613 συντριμρῷ

394 3623 697 3692 καρδιακῑκ
727 3625 1130 3692 ταπεινώσεως,
1156 3626 1309 3680 ῦδατί
1331 3645 1389 3680 τε
1417 3628 1688 3698 δακρύων,
1710 3633 1800 3682 καὶ
1831 3632 1966 3700 πυρὶ

395 3714 771 3783 πνευματικῆς
819 3713 1110 3782 γνώσεως,
1168 3715 1405 3782 ἐπαξίως
1452 3719 1610 3771 τοῦτο
1671 3723 1767 3772 καὶ
1821 3720 1965 3788 μάλα

393 3804 618 3867 είκότως
675 3807 1002 3872 πεπονθυῖα,
1045 3809 1137 3861 καὶ
1168 3809 1247 3871 εἷς
1277 3826 1342 3878 γε
1399 3809 1602 3881 βρῶσιν
1650 3812 1963 3884 ἀγγελοειδῆ

394 3901 778 3966 προσήκουσαν
840 3901 1122 3967 γεγονυῖα,
1181 3902 1311 3970 περὶ
1360 3897 1434 3956 ὧν
1485 3903 1722 3971 εὐλόγως
1761 3907 1836 3967 ὡς
1896 3909 1982 3960 τά·

396 3986 564 4042 πολλά
593 3988 831 4060 εἴρηταιο
861 4008 880 4042 t
910 3991 1108 4062 Ἀρτον
1129 3993 1374 4061 ἀγγέλων
1397 3993 1600 4064 ἔφαγεν
1624 3996 1966 4067 ἀνθρωπος.›-

393 4079 513 4132 Εἰσὶ
540 4079 618 4144 δὲ,
648 4076 730 4142 οἷς
785 4080 926 4133 κατά
977 4080 1246 4151 πρόϐασιν
1274 4081 1589 4154 ὑψηλοτέρῳ
1633 4085 1737 4136 τινὶ
1781 4084 1966 4156 τρόπῳ

391 4170 584 4238 γέγονε
615 4172 706 4222 καὶ
738 4171 1033 4223 ὀπτάνεται
1060 4171 1267 4224 ἑαυτῶν
1297 4173 1330 4244 ἡ
1356 4172 1514 4240 φύσις
1547 4174 1722 4243 μάννα
1743 4173 1961 4242 σαφῶςο

391 4263 519 4333 περὶ
548 4255 622 4314 ὧν
653 4263 722 4314 τὰ
754 4263 1059 4330 Εύαγγὲλιά
1102 4279 1272 4334 φησι·
1313 4281 1332 4316 ι
1359 4264 1430 4316 Τὸ
1463 4265 1861 4335 γεγεννημένον
1896 4267 1961 4319 ἐκ

391 4353 486 4405 τοῦ
526 4353 868 4423 πνεύματος,
917 4355 1139 4424 πνεῦμά
1193 4357 1408 4408 ἐστιν.»
1465 4356 1529 4409 Ἠ
1581 4361 1772 4427 πρώτη
1813 4357 1965 4422 τάξις

2069 3176 2188 3228 ιιιι·;
2245 3165 2310 3217 tle
2343 3163 2540 3231 quibus
2594 3178 2725 3216 sane
2760 3163 3024 3232 scriptum
3053 3171 3134 3215 est
3167 3180 3180 3217 :
3213 3181 3231 3213 ι
3272 3160 3381 3217 Rus
3425 3166 3518 3234 qui
3560 3179 3628 3220 ex

2067 3264 2117 3308 te
2185 3255 2392 3321 deﬂuit,
2485 3255 2638 3309 nobis
2726 3265 2810 3308 est
2897 3255 3237 3310 medicina.»
3290 3256 3626 3320 Quibusdam

2065 3362 2192 3400 vero
2224 3347 2511 3417 praedictus
2559 3363 2671 3409 ros,
2726 3347 2930 3417 majore
2986 3348 3218 3417 quadam
3267 3353 3454 3417 gratite
3504 3341 3631 3405 sus-

2064 3434 2332 3503 ceptione,
2388 3436 2603 3503 c-tgiltll'
2636 3444 2689 3487 et
2739 3436 2790 3488 in
2823 3451 3016 3491 manna
3062 3441 3510 3505 transformatur,
3569 3454 3624 3498 (οι

2067 3531 2414 3594 tanquamex
2442 3524 2674 3594 quodam
2707 3525 2980 3582 frumento
3017 3533 3167 3596 panis
3198 3529 3448 3592 edicitur.
3496 3548 3626 3588 cor-

2066 3617 2150 3672 dis
2176 3617 2436 3671 Itutniliati
2478 3619 2823 3680 contritione,
2859 3627 2916 3672 et
2971 3619 3331 3690 lacrymarum
3357 3638 3520 3691 aquo,
3570 3639 3625 3679 ct

2064 3709 2360 3777 Spiritualis
2385 3708 2623 3762 st-ientite
2655 3707 2892 3774 ﬂamma,
2927 3709 2977 3762 id
3008 3713 3218 3778 patietts
3242 3715 3400 3784 digne
3425 3727 3476 3770 ct
3511 3732 3629 3772 tne-

2063 3802 2188 3864 rito,
2221 3807 2275 3854 et.
2328 3799 2381 3853 itt
2415 3801 2708 3870 angelicam
2764 3815 2942 3855 escam
2971 3816 3290 3868 conversus,
3320 3807 3384 3859 de
3423 3811 3625 3876 quibus

2062 3890 2477 3961 Optitnedietum
2501 3901 2612 3945 est:
2646 3910 2666 3943 ι
2699 3893 2900 3946 Panem
2930 3897 3244 3963 angelorum
3273 3902 3618 3954 manducavit

2062 3983 2246 4038 homo.
2278 4000 2298 4035 ι
2335 3981 2666 4038 Suntautem
2691 3985 2890 4054 quibus
2931 3986 2981 4038 itt
3018 3987 3118 4041 via'
3147 3987 3379 4056 quodam
3411 3991 3630 4045 excelso

2063 4076 2224 4130 tnodo
2318 4077 2518 4129 factum
2578 4085 2662 4132 est
2719 4088 2772 4132 et
2829 4077 3042 4133 videtur
3127 4080 3368 4147 ipsorum
3426 4095 3621 4139 natura

2064 4179 2257 4219 manna
2313 4164 2639 4232 manifeste;
2671 4167 2739 4222 de
2793 4168 3002 4236 quibus
3053 4168 3242 4223 dicunt
3294 4171 3624 4242 Evangelia:

2066 4273 2086 4307 ι
2126 4254 2280 4321 Quod
2322 4254 2524 4310 factum
2570 4263 2656 4310 est
2690 4271 2754 4310 ex
2797 4255 3280 4327 Spiritu,Spiritus
3325 4271 3427 4316 cst.
3466 4281 3484 4314 ι
3515 4263 3632 4318 Pti-

2063 4333 2184 4418 tuus
2211 4349 2344 4402 ordo
2370 4349 2690 4417 sapientium
2726 4347 2778 4402 itt
2818 4363 2951 4420 pace
2981 4351 3289 4420 degentium
3322 4355 3459 4408 ordo
3495 4366 3578 4410 est
3607 4373 3635 4424 ς.

362 4473 364 4476 -
394 4445 716 4516 ἠσυχαστῶν
742 4445 921 4515 σοᾳῶν
938 4462 954 4477 ο
982 4448 1015 4517 ἡ
1041 4447 1160 4515 μετ’
1182 4447 1351 4518 αὐτὴν
1379 4450 1472 4502 καὶ
1496 4449 1708 4520 σιωπὴν
1737 4451 1961 4503 ἀσκούν-

2067 4440 2359 4505 secundus,
2385 4429 2575 4494 θοι-ωδ
2616 4439 2708 4510 qui
2735 4441 3014 4496 silentium
3041 4454 3262 4499 servant
3285 4461 3408 4500 cum
3439 4449 3633 4503 divina:

395 4552 524 4600 των,
578 4537 716 4605 μετά
777 4540 875 4608 τῆς
937 4537 1090 4603 Θείας
1141 4538 1429 4608 γνώσεως·
1491 4541 1526 4612 ἡ
1569 4540 1628 4593 δέ
1666 4557 1730 4608 γε
1780 4541 1964 4612 τρίτη,

394 4626 732 4696 ἡπὶωμένων
777 4628 1008 4683 καθόλου
1057 4631 1154 4684 καὶ
1208 4630 1590 4701 ὴλλοιωμένων
1640 4632 1698 4682 ὲν
1744 4631 1964 4702 Χριστῷ

388 4716 577 4786 ,Ἰησοῦ
603 4719 682 4792 τῷ
708 4720 899 4792 Κυρίῳ
929 4721 1110 4791 ἡμῶν.

461 4809 579 4874 πς’.
611 4811 902 4879 Διαφυγὼν
931 4813 1018 4864 διὰ
1052 4815 1150 4884 τῆς
1181 4816 1425 4885 χάριτος,
1449 4815 1523 4880 ὡς
1552 4815 1718 4880 είκδς,
1742 4813 1962 4886 Φαραὼ,

390 4899 483 4948 καὶ
513 4899 788 4967 Αἴγυπτον
817 4902 911 4954 καὶ
955 4905 1113 4955 τάκεῖ
1145 4904 1293 4957 δεινά
1321 4904 1415 4958 καὶ
1448 4906 1720 4975 ἐπίμοχθα
1760 4905 1965 4975 νοητῶς

387 4989 416 5040 ό
446 4989 589 5052 νοῦς,
627 4993 720 5044 καὶ
753 4993 855 5061 μέν
891 5010 952 5062 γε
990 4995 1086 5064 τὴν
1135 4995 1548 5062 κυματίζυυσαν
1590 4997 1814 5067 πικρίας
1863 4998 1962 5049 κύ-

391 5099 535 5150 ματα
571 5083 816 5153 ἐμπαθῆ,
851 5089 945 5137 καὶ
973 5086 1258 5155 ἀλμὼδους
1301 5087 1500 5148 κακίας
1535 5088 1806 5159 σαρκικὴν
1847 5089 1963 5159 βιο-

387 5174 507 5242 τὴν,
555 5173 650 5225 καὶ
679 5177 738 5226 ὲν
789 5179 954 5247 νοητῇ
1007 5178 1202 5248 ἐρήμῳ
1237 5178 1525 5248 γενόμενος
1573 5179 1815 5249 δηλονότι
1851 5179 1964 5246 ἕξει

388 5263 788 5339 ἀπηλλαγμένῃ
845 5269 1208 5338 Φαραωνιτῶν
1257 5271 1491 5341 νοητῶν
1526 5272 1620 5324 καὶ
1666 5271 1963 5344 ξυλλήῦδην

390 5355 586 5420 εἰπεῖν,
625 5357 695 5408 τὰ
730 5359 847 5412 τότε
877 5362 990 5421 τοῖς
1027 5359 1304 5432 Ἑϐραίοις
1341 5362 1689 5431 συμπεσόντα
1733 5363 1851 5416 κατ’
1881 5365 1963 5417 αἴ·

393 5451 584 5515 σθησιν
613 5447 845 5518 χαλεπὰ,
873 5451 1078 5520 νοητῶς
1112 5453 1207 5506 καὶ
1237 5452 1428 5506 παθὼν
1461 5455 1555 5506 καὶ
1601 5453 1958 5523 ἀπαλλαγεὶς,

390 5542 566 5611 μάννα
615 5542 675 5606 ἐξ
714 5543 980 5614 ἑπομένου
1011 5545 1182 5598 ἐσθίει
1232 5546 1443 5616 νοητὸν,
1496 5546 1748 5617 αἰσθήσει
1785 5546 1962 5617 ψυχῆς

385 5633 666 5701 ἀσφαλῶς,
717 5629 780 5688 οῦ
810 5633 983 5690 τύπον
1028 5637 1092 5690 τὸ
1136 5635 1305 5690 πάλαι
1351 5636 1533 5708 ἤσθιεν
1566 5639 1596 5690 ὁ
1633 5637 1846 5708 Ἰσραὴλ
1877 5640 1958 5691 ati-

387 5725 619 5797 σθητῶς.
647 5728 758 5782 Καὶ
787 5729 931 5784 κατὰ
957 5730 1056 5802 μὲν
1083 5729 1179 5794 τὰς
1205 5730 1402 5802 ἀρχὰς,
1442 5729 1592 5784 ἐστιν
1627 5731 1714 5783 ὅτε
1745 5746 1951 5802 μεμνη-

2065 4531 2321 4597 scientia;
2352 4531 2565 4597 tertius,
2595 4548 2782 4587 eorum
2815 4535 2906 4603 qui
2938 4536 3161 4589 omnino
3194 4537 3470 4607 simpliCcs
3492 4543 3634 4594 elice

2065 4621 2137 4675 cti
2165 4631 2292 4675 sunt
2316 4632 2369 4676 et
2395 4625 2646 4679 conversi
2709 4625 2762 4679 in
2795 4625 3015 4680 Christo
3045 4624 3197 4692 Iesu,
3240 4628 3466 4686 Domino
3521 4651 3638 4688 no-

2064 4720 2200 4768 SU‘O.
2691 4729 2704 4736 '
3523 4721 3526 4724 ’

2132 4803 2220 4859 86.
2250 4803 2542 4875 Postquam
2574 4823 2667 4876 per
2703 4795 2953 4879 gratiam,
2980 4820 3036 4866 ut
3060 4813 3239 4878 decet,
3277 4815 3631 4874 Pharaonem

2059 4904 2114 4950 et
2143 4893 2435 4968 Egyptmn
2470 4907 2522 4952 et
2553 4915 2674 4969 qua:
2704 4902 2754 4954 in
2784 4901 2885 4956 hac
2925 4905 3146 4973 regione
3181 4909 3445 4964 terribilia
3493 4923 3632 4966 suus

2060 4995 2114 5040 et
2141 4988 2324 5041 labore
2347 4989 2503 5058 plena
2537 5007 2691 5044 utens
2712 4995 3071 5062 spiritualiter
3095 4998 3304 5070 eﬁugit.
3344 5005 3635 5074 vitamque-

2058 5081 2442 5136 amaritudinis
2499 5081 2756 5139 ﬂuctibus
2810 5087 3066 5157 agitatam
3126 5100 3179 5144 et
3219 5094 3384 5148 vitam
3436 5112 3632 5151 amarat

2059 5174 2262 5227 malitia
2314 5175 2625 5239 carnalem;
2657 5189 2708 5230 et
2741 5179 2791 5231 itt
2820 5181 3089 5248 spirituali
3115 5182 3332 5238 deserto
3367 5186 3624 5253 spiritua—

2058 5265 2201 5319 libus
2226 5263 2601 5319 Pltaraonibtts
2633 5267 2860 5322 liberata
2891 5272 3178 5336 consistit;
3211 5283 3264 5327 et
3290 5284 3348 5328 ut
3379 5279 3618 5329 breviter

2057 5357 2266 5426 loquar,
2303 5372 2641 5426 qutecnnqtte
2676 5361 2920 5414 Hebrzeis
2941 5366 3255 5418 acciderunt
3287 5367 3427 5419 mala
3456 5368 3628 5435 spiri—

2055 5447 2273 5501 tualitcr
2298 5456 2352 5500 et
2378 5463 2636 5516 perpessa
2665 5459 2747 5504 est
2779 5461 2831 5505 et
2849 5453 3056 5522 rejecit,
3082 5466 3479 5523 consequenter
3502 5459 3626 5528 spir

2052 5537 2248 5591 ritttale
2275 5553 2472 5591 manna
2505 5539 2822 5603 tuattducat,
2855 5557 3050 5596 securo
3083 5544 3277 5597 animte
3307 5559 3490 5609 sensu,
3521 5563 3628 5601 cur

2045 5628 2135 5698 jus
2159 5627 2384 5698 ﬁguram
2411 5627 2537 5682 olim
2569 5629 2901 5685 scnsibiliter
2925 5630 3090 5686 Israel
3121 5632 3486 5689 manducavit.
3510 5638 3567 5692 Et
3596 5654 3622 5692 τ

2050 5719 2344 5792 Postquam
2375 5719 2614 5790 incepit,
2647 5737 2858 5778 memor
2901 5723 3215 5794 cngitaltilia
3247 5726 3415 5797 cupit,
3446 5738 3504 5784 ut
3533 5731 3617 5785 illi:
