3996 6202
265 314 368 387 33

273 480 443 533 μοντα
471 459 525 513 δὲ
555 456 850 527 σωφρόνως
877 453 938 507 τὸ
970 454 1246 523 προσῆκον
1277 451 1512 520 ἑκάστῳ,
1543 441 1843 514 τοτηνικάδ’
1862 430 1903 483 Α

266 554 432 615 εὐθὺς
454 554 483 605 6
512 547 639 612 νοῦς
679 547 874 607 ἑαυτοῦ
902 546 1112 614 γίνεται
1154 546 1372 604 ἐνιαῖος,
1416 543 1508 594 καὶ
1541 539 1742 599 ἁπλοῦς
1768 539 1843 599 ὼς

269 645 385 714 ἔχει
432 641 649 711 φύσεως
695 636 1209 704 ἀποκαθιστάμενος
1254 633 1349 685 καὶ
1400 632 1507 684 τῶν
1560 628 1844 700 διαιρετῶν

269 734 663 803 ἀφιστάμενοςο
700 732 796 784 καὶ
826 729 981 791 αὖθις
1028 727 1272 795 φυσικῶς
1305 726 1529 795 ἄρχεται
1574 722 1747 790 φιλεῖν
1790 719 1849 771 16

270 827 349 888 ἓν,
385 827 480 880 καὶ
511 823 736 889 ἁπλοῦν,
762 824 853 876 καὶ
882 823 943 875 16
977 820 1193 881 ένιαίως
1232 821 1324 871 καὶ
1353 816 1538 879 ἁπλῶς
1572 814 1844 884 ἐνεργεῖν·

270 918 298 970 δ
335 918 400 987 δὴ
456 916 648 982 φιλῶν,
682 915 856 983 ζητεῖ,
897 916 991 967 καὶ
1036 911 1216 983 ζητῶν
1273 909 1371 979 τὴν
1416 908 1612 975 πτῆσιν
1656 903 1847 957 ἑαυτοῦ

272 1008 414 1077 ὑπὲρ
446 1008 627 1059 πᾶσαν
658 1010 892 1057 ποιεῖται
917 1002 1188 1059 σύνθεσιν.
1214 1001 1317 1063 ἕως
1347 999 1412 1053 ἂν
1445 998 1593 1067 εὖροι
1624 996 1685 1048 τὸ
1714 995 1848 1061 ἀλη-

273 1096 380 1159 θῶς
406 1097 501 1149 καὶ
531 1097 735 1166 κυρίως
763 1095 818 1146 ἒ)
872 1098 965 1145 καὶ
998 1092 1227 1151 ἁπλοῦν,
1270 1094 1404 1160 ὅπερ
1438 1088 1587 1141 ἐστὶν
1621 1086 1649 1137 ὁ
1694 1086 1843 1145 Θεὸς.

274 1190 405 1241 Ὅτε
436 1188 502 1258 δὴ
532 1187 627 1241 καὶ
650 1186 755 1239 ὑπὸ
780 1187 967 1254 μόναις
994 1187 1112 1245 ταῖς
1143 1177 1333 1235 τούτου
1362 1175 1608 1246 πτέρυξι,
1633 1178 1728 1228 νῦν
1751 1176 1849 1244 μὲν

276 1280 634 1349 σκεπόμενος,
691 1279 879 1331 ἄλλοτε
931 1277 987 1328 δὲ
1030 1273 1518 1345 μετεωριζόμενος,
1560 1268 1845 1337 τέρπεται,

275 1371 346 1431 ὡς
375 1369 520 1430 εἰκὸς
554 1369 852 1440 τέρπεσθαι
887 1363 1389 1436 Θεοφρουροὺμενον
1423 1361 1516 1413 καὶ
1554 1356 1848 1429 θεοφορού-

279 1474 440 1528 μενον
466 1473 612 1509 νουν.

348 1552 460 1615 πη’.
504 1546 595 1613 Τῷ
623 1544 913 1615 διηρατικῴ
944 1545 1043 1613 τῆς
1091 1544 1291 1613 ψυχῆς,
1330 1542 1532 1595 ὡσανεὶ
1572 1539 1845 1611 ἀχλυῶδές

285 1657 339 1692 τι
373 1641 545 1710 πάχος
569 1637 956 1698 ὲπιπεπτωκδς
982 1637 1043 1689 16
1073 1632 1136 1690 ὲκ
1174 1636 1283 1689 τῶν
1320 1635 1525 1695 παθῶν,
1565 1634 1699 1688 ἄλλα
1726 1637 1857 1706 ὁρᾷν

1386 302 1485 362 DE
1526 303 1698 364 τιτι
1738 287 2404 371 CONTEMPLATIVA.

3402 296 3505 365 flii

1937 425 2198 493 gligentcr
2220 427 2301 478 eis
2326 424 2758 487 Sulnnittentetn,
2787 422 2878 476 sed
2906 423 3180 489 sapic-nter
3206 425 3505 491 unicuique

1934 516 2077 586 quod
2113 517 2390 581 convenit,
2446 516 2864 572 distribuentem
2891 556 2905 579 ,
2945 512 3072 570 ιιιηο
3132 532 3283 571 mens
3325 522 3507 572 statim

1934 623 2119 665 eorum
2149 613 2302 663 unita
2336 619 2438 673 est,
2488 618 2542 663 et
2592 610 2819 677 simplex
2861 609 3017 677 juxta
3070 626 3221 662 suam
3260 621 3505 664 llu‘utl‘ﬂﬂl

1935 684 2182 756 restituta
2210 714 2285 754 est
2319 712 2370 756 ct
2399 720 2426 755 a
2459 703 2649 757 divisis
2681 710 2934 768 separata
2962 718 2978 768 ;
3015 713 3067 755 vt
3096 719 3311 755 rursum
3348 714 3474 756 natu
3496 732 3509 741 -
3585 705 3587 708 ⁴

1936 794 2124 847 raliter
2179 796 2368 861 in'cipit
2398 811 2563 847 unum
2599 795 2818 863 diligere
2863 806 2913 848 et
2955 797 3181 866 simplex
3220 806 3273 848 et
3305 796 3503 864 situpii-

1937 898 2051 936 cem
2087 900 2357 953 unamque
2388 886 2785 953 operationem.
2830 887 2983 951 Quod
3022 886 3239 952 quidem
3277 902 3461 941 Mirans
3493 926 3507 945 .

1943 978 2166 1045 qttrrit,
2203 986 2276 1043 et,
2310 993 2585 1045 qumrens,
2621 984 2778 1031 suum
2809 978 3047 1031 volatum
3095 992 3259 1046 supra
3290 994 3509 1031 omnem

1940 1070 2389 1136 eiunanitionem
2442 1071 2563 1130 l‘er‘t,
2629 1072 2989 1139 quoadusque
3026 1070 3269 1124 inveniat
3304 1087 3427 1125 vere
3460 1079 3515 1125 rt

1938 1160 2262 1228 simpliciter
2287 1178 2453 1215 unum
2485 1173 2534 1215 et
2562 1163 2786 1227 simplex
2812 1163 2953 1230 quod
2990 1170 3071 1215 est
3101 1163 3262 1217 Deus.-
3288 1143 3517 1228 Quando

1939 1268 2071 1307 sane
2094 1252 2226 1309 solis
2251 1252 2417 1322 hujus
2441 1255 2543 1306 alis
2574 1269 2714 1307 llllllc
2744 1256 2961 1323 quidem
2990 1255 3338 1318 obumbrata,
3370 1274 3514 1313 nunc

1939 1349 2153 1404 sublata
2194 1349 2424 1413 laetatur,
2454 1359 2512 1403 ut
2545 1347 2715 1402 laetari
2750 1350 2945 1416 decet,
2973 1366 3093 1420 qua:
3125 1366 3155 1405 a
3188 1353 3296 1408 Deo
3330 1362 3519 1409 custo-

1942 1443 2089 1497 ditur
2117 1452 2169 1495 et
2194 1441 2385 1506 fertur,
2418 1457 2597 1497 mens.

2012 1534 2098 1588 88.
2133 1532 2574 1602 Contemplativae
2605 1534 2798 1589 animae
2833 1536 3038 1598 virtuti,
3070 1546 3329 1606 tanquam
3366 1546 3522 1593 tene-

1944 1625 2090 1680 brosi
2120 1626 2322 1694 aliquid
2360 1639 2422 1679 ac
2457 1625 2609 1680 densi
2639 1627 2782 1696 quod
2816 1643 2879 1683 ex
2903 1630 3296 1698 cupiditatibus
3331 1641 3514 1686 ortum

287 1732 409 1785 ἀντὶ
435 1731 527 1783 τοῦ
556 1730 708 1792 ὄντος
739 1718 1256 1797 πεποίηκεν..“οταν
1291 1726 1347 1779 δὲ
1382 1727 1447 1795 τῇ
1481 1728 1658 1795 πυκνῇ
1689 1741 1855 1795 προσ-

1963 1719 2196 1777 izibebat.
2233 1720 2334 1771 alia
2369 1730 2528 1788 quam
2581 1722 2865 1775 veritatem
2900 1723 3346 1792 contemplanda,
3375 1740 3518 1795 prae-

288 1824 445 1892 ευχῇ,
480 1823 573 1874 καὶ
596 1823 661 1890 τῇ
690 1820 799 1871 τῶν
834 1819 1061 1874 ἐντολῶν
1084 1817 1451 1887 ἐκπληρώσει,
1480 1817 1574 1869 καὶ
1599 1816 1858 1868 ἀνατάσει

1959 1809 2129 1863 bebat.
2166 1809 2395 1873 Quando
2420 1821 2599 1863 autem
2625 1810 2891 1881 frequenti
2923 1813 3177 1868 oratione
3202 1821 3255 1867 et
3290 1816 3521 1867 manda-

288 1916 425 1984 πρὸς
453 1913 550 1984 τὴν
588 1912 681 1965 τοῦ
712 1911 847 1965 Θεοῦ
879 1909 1111 1980 θεωρίαν
1141 1908 1230 1962 διὰ
1279 1909 1377 1979 τῆς
1421 1908 1642 1977 χάριτος
1667 1908 1695 1959 ὁ
1733 1905 1859 1968 νοῦς

287 2003 438 2075 διέλῃ
490 2004 551 2054 16
621 2002 907 2074 εἰρημένον
955 2001 1230 2071 ἀχλυῶδες
1283 2001 1477 2069 πάχος,
1530 1999 1621 2067 ἀφ’
1665 1996 1857 2049 ἑαυτοῦ

289 2091 537 2159 ἐναργῶς
585 2091 686 2161 ὁρᾷ
743 2090 835 2143 τὸν
866 2090 1033 2156 Θεὸν,
1087 2091 1370 2161 ἑρμηνέως
1415 2088 1677 2158 μηδαμῶς
1723 2087 1856 2157 πρὸς

288 2182 446 2235 τοῦτο
477 2182 749 2250 δεόμενος,
783 2181 972 2251 ὥσπερ
1003 2181 1062 2233 οὐ
1088 2183 1258 2233 δεῖται
1283 2179 1583 2243 διδάξοντος
1608 2180 1636 2230 ὁ
1665 2177 1856 2247 αἰσθη-

288 2273 398 2334 τῶς
440 2273 615 2341 ὁρῶν·
664 2274 716 2324 εἴ
754 2283 816 2338 γε
864 2271 937 2341 μὴ
970 2271 1031 2323 16
1059 2270 1303 2341 διοχλοῦν
1350 2272 1445 2324 καὶ
1493 2267 1859 2337 ἐπιπροσθοῦν

293 2362 435 2433 ῐσχει
462 2366 527 2434 τῇ
564 2363 699 2434 κόρῃ
730 2362 823 2415 τοῦ
858 2362 1159 2432 ὀφθαλμοῦ.
1182 2364 1270 2426 Ὠς
1294 2363 1401 2432 γὰρ
1442 2360 1857 2431 προσπεφύκασι

290 2454 361 2507 τὰ
394 2453 630 2523 αἰσθητά
663 2455 779 2517 ταῖς
800 2454 1115 2524 αἰσθήσεσιν
1138 2445 1304 2522 ὑγιῶς
1332 2452 1600 2521 ἐχούσαις,
1623 2449 1765 2503 οὕτω
1790 2449 1860 2503 τὰ

205 2564 211 2569 ’
288 2549 455 2617 νοητά
504 2550 626 2609 ταῖς
676 2549 929 2616 νοήσεσιν
983 2536 1276 2618 ᾠκείωται,
1327 2544 1761 2616 καθαρευούσαις
1795 2546 1860 2596 ὲκ

288 2640 383 2692 τοῦ
417 2639 525 2691 τῶν
556 2639 746 2691 παθῶν
787 2638 1013 2707 νέφους·
1048 2638 1143 2691 καὶ
1190 2637 1377 2707 ὥσπερ
1407 2639 1471 2691 ἐκ
1514 2637 1618 2706 τῆς
1668 2635 1860 2705 αἰσθη-

288 2730 446 2799 τικῆς
474 2729 813 2795 ἀντιλήψεως
843 2727 948 2780 τῶν
982 2728 1309 2798 αἰσθητῶνὴ
1341 2727 1665 2796 κατάληψις,
1687 2725 1859 2787 οὕτως

286 2823 351 2873 ὲκ
390 2824 489 2891 τῆς
519 2822 774 2890 νοητικῆς
819 2819 1168 2888 ἀποϐλέψεως
1198 2821 1230 2887 ἡ
1272 2821 1378 2871 τῶν
1412 2819 1619 2886 νοητῶν
1658 2816 1859 2885 ἐποψία

286 2912 570 2979 γίγνεσθαι
600 2910 786 2963 εἴωθεν
827 2911 945 2979 μεθ’
978 2910 1013 2963 ἆ
1043 2913 1074 2980 ἡ
1106 2911 1191 2963 διὰ
1224 2910 1323 2979 τῆς
1354 2910 1572 2980 χάριτος
1602 2911 1859 2975 ἀνείδεος,

288 3006 377 3057 καὶ
410 3005 597 3067 ἄποια,
620 3005 713 3055 καὶ
748 3003 1109 3070 ἀφάνταστος,
1145 3004 1237 3055 καὶ
1268 3004 1410 3072 ἁπλῆ
1439 3002 1531 3055 τοῦ
1561 3002 1695 3055 Θεοῦ
1731 3003 1864 3055 θεωε-

291 3101 403 3168 ρία,
430 3099 551 3167 ἥτις
577 3097 808 3165 κάτοχον
834 3095 1033 3165 ἔχουσα
1060 3097 1147 3148 16v
1174 3096 1321 3160 νοῦν,
1346 3097 1561 3150 πάντων
1588 3093 1863 3161 αἰσθητῶν
1890 3109 1925 3165 ιτ

285 3203 347 3240 τε
397 3188 491 3241 καὶ
548 3187 755 3257 νοητῶν
798 3186 906 3239 τῶν
969 3186 1267 3240 ὁποιωνοῦν
1314 3188 1510 3255 ἄφετον
1572 3188 1734 3243 ποιεῖ,
1782 3186 1861 3247 είς

289 3281 571 3350 ἀπειρίας,
606 3277 973 3350 ἀπεριληψίας
993 3296 1052 3331 τε
1083 3280 1178 3331 καὶ
1212 3280 1491 3348 ἀοριστίας
1525 3278 1680 3346 βυθὸν
1699 3277 1861 3331 αὐτὸν

290 3374 346 3423 ἐν
379 3372 638 3440 ἐκπλήξει
677 3372 773 3424 καὶ
818 3371 1154 3441 θαυμασμῷ,
1188 3370 1262 3434 ὡς
1298 3373 1396 3423 οὐκ
1448 3372 1717 3440 ἐνδέχεται
1760 3370 1857 3441 δη-

288 3461 523 3522 λωθῆναι
555 3454 718 3530 λόγῳ,
755 3463 1079 3517 κατακλείου
1090 3481 1175 3517 σα.

362 3609 471 3664 πθ’.
509 3607 582 3667 Ὦ
617 3611 885 3675 Δέσποτα,
927 3612 954 3664 6
1012 3611 1231 3665 πάντων
1274 3608 1384 3662 τῶν
1428 3609 1723 3679 ὁρωμένων
1768 3608 1864 3662 καὶ

292 3705 597 3774 νοουμένων
658 3703 732 3757 ὢν
772 3706 916 3777 ἀρχὴ
971 3703 1348 3773 παντοκράτορ
1373 3742 1386 3764 ,
1432 3703 1602 3773 ἀρχὴν
1632 3702 1771 3772 έχων
1803 3702 1865 3755 16

293 3796 551 3867 ἄναρχον,
581 3797 826 3859 ἀκτιστε,
861 3797 955 3847 καὶ
985 3796 1211 3863 ὁρισμὸν
1238 3795 1299 3846 τὸ
1340 3794 1614 3864 ἀόριστον,
1648 3797 1862 3862 ἄπειρε,

294 3887 389 3939 καὶ
420 3885 581 3954 φύσιν
612 3887 673 3937 16
706 3885 1006 3956 ὑπερφυὲς,
1051 3883 1410 3955 ἀπερίληπτε,
1454 3887 1548 3936 καὶ
1589 3885 1776 3936 οὐσίαν
1805 3886 1865 3936 τὸ

298 3977 640 4048 ὑπερούσιον,
701 3978 954 4045 ἁγένητε,
996 3977 1089 4029 καὶ
1124 3974 1262 4037 εἶδος
1309 3976 1440 4045 γοῦν
1504 3977 1567 4028 τὸ
1607 3976 1862 4041 ἀνείδεον,

293 4073 515 4142 ἀόρατε,
546 4073 639 4125 καὶ
670 4072 800 4124 ι’διον
838 4071 899 4122 16
937 4072 1126 4136 άῖῐιον,
1156 4069 1423 4139 ἄφθαρτε,
1452 4071 1547 4123 καὶ
1590 4068 1777 4138 σχῆμα
1807 4066 1867 4120 τὸ

294 4164 721 4232 ἀσχημάτιστον,
745 4162 1135 4232 ἀνεξιχνίαστε,
1169 4162 1260 4213 καὶ
1285 4162 1446 4214 τόπον
1474 4162 1533 4212 16
1563 4160 1867 4231 ἀπερίγρα-

296 4271 452 4320 πτον,
502 4256 875 4325 ἀπεριόριστε,
921 4252 1227 4323 κατάληψίν
1257 4268 1316 4305 τε
1353 4252 1414 4304 16
1464 4252 1865 4319 ἀκατάληπτον,

296 4347 714 4417 ἀνεξερεύνητε,
761 4347 855 4399 καὶ
884 4347 1084 4413 γνῶσιν
1119 4343 1214 4397 καὶ
1257 4342 1491 4414 θεωρίαν
1532 4342 1592 4394 16
1641 4341 1868 4395 ἀθέατόν

1950 1906 2129 1955 torum
2165 1900 2551 1969 adimpletione
2578 1911 2631 1956 et
2655 1902 2930 1957 tendentia
2953 1905 3019 1959 ad
3055 1903 3146 1959 Dei
3178 1906 3522 1974 contempla-

1950 1990 2149 2045 tionem
2194 2006 2287 2058 per
2320 1995 2557 2059 gratiam
2593 2009 2748 2047 meus
2787 1994 3077 2063 praedictas
3108 1997 3411 2050 crassiores
3446 2006 3527 2047 te-

1951 2084 2148 2139 nebras
2185 2083 2527 2153 dissipaverit
2553 2126 2568 2149 ,
2615 2101 2710 2154 per
2745 2088 2982 2156 seipsam
3022 2089 3307 2144 manifeste
3348 2088 3519 2142 Deum

1950 2174 2117 2238 videt,
2155 2176 2534 2245 clplanatione
2560 2173 2704 2231 nulla
2742 2179 3011 2250 indigens,
3056 2181 3519 2249 quemadmodum

1951 2267 2176 2322 doctOre
2219 2283 2324 2320 non
2362 2268 2567 2338 indiget
2613 2270 2704 2338 qui
2752 2272 3034 2325 sensibilia
3070 2273 3258 2335 videt;
3302 2276 3346 2326 si
3392 2273 3527 2326 nihil

1952 2360 2095 2413 oculi
2130 2360 2347 2429 pupilla:
2378 2362 2576 2418 obstat.
2601 2363 3075 2429 Quemadmodum
3109 2366 3529 2421 accommodan-

1954 2463 2043 2506 tur
2076 2455 2353 2509 seusibilia
2388 2457 2646 2511 sensibus
2676 2469 2821 2511 recte
2853 2474 2911 2514 se
2936 2460 3290 2515 habentibus.
3321 2462 3391 2516 ita
3413 2461 3524 2530 Spi-

1955 2541 2172 2600 r't’nalia
2225 2548 2547 2617 cogitationi
2592 2560 2718 2604 nata
2758 2558 2912 2617 sunt,
2950 2553 3227 2607 mundata:
3256 2554 3446 2622 llt‘l‘lpe
3499 2570 3529 2607 a

1957 2639 2310 2708 cupiditatum
2336 2642 2499 2695 nube.
2532 2635 2598 2696 Et
2637 2644 2779 2697 sicut
2800 2660 2862 2696 ex
2888 2658 3149 2697 sensuum
3182 2646 3533 2713 perceptione

1957 2730 2016 2783 ﬁt
2047 2732 2485 2801 comprehensio,
2511 2734 2586 2787 ita
2613 2751 2677 2789 ex
2704 2736 2974 2804 spirituali
3009 2746 3234 2803 asper-tu
3267 2738 3532 2805 spiritua-

1960 2818 2091 2876 lium
2129 2824 2267 2899 visio
2306 2824 2421 2878 lieri
2482 2824 2660 2887 solet;
2701 2836 2820 2893 post
2852 2839 2971 2894 qua:
3014 2824 3241 2891 simplex
3282 2823 3371 2878 Dei
3400 2839 3537 2879 con-

1960 2916 2244 2985 templatio
2277 2930 2371 2986 per
2402 2917 2653 2986 gratiam,
2694 2916 2812 2970 sine
2850 2917 3020 2983 ﬁgura
3077 2922 3132 2970 et
3180 2916 3445 2983 qualitate
3478 2924 3536 2971 et

1962 3010 2195 3080 imagine
2223 3022 2458 3065 mentem
2500 3011 2671 3081 subjei
2691 3020 2800 3065 tam
2834 3013 3079 3067 retinens
3128 3027 3157 3066 a
3202 3012 3537 3083 quibuslibet

1959 3105 2319 3160 scnsibilibus
2350 3116 2402 3160 et
2434 3105 2817 3173 cogitabilibus
2840 3105 3052 3173 liberat,
3078 3120 3198 3160 eam
3228 3106 3537 3170 includens.

1959 3206 2016 3249 ut
2055 3208 2312 3251 Sermone
2342 3212 2445 3249 non
2480 3206 2653 3267 potest
2710 3196 2819 3251 dici
2842 3236 2857 3261 ,
2894 3197 2950 3251 in
2987 3198 3379 3253 immensitatis
3431 3213 3539 3252 non

1956 3291 2491 3361 circumscriptmquc
2528 3291 2815 3346 inﬁnitatis
2858 3291 3057 3363 abysso
3087 3307 3213 3346 cum
3245 3280 3454 3346 exStasi
3485 3297 3543 3345 et

1958 3380 2346 3438 admiratione.

2029 3583 2116 3638 89.
2147 3582 2192 3638 0
2231 3582 2476 3649 Domine,
2502 3583 2591 3652 qui
2619 3584 2865 3639 omnium
2912 3586 3207 3640 visibilium
3244 3596 3294 3642 et
3335 3589 3541 3659 cogita-

1960 3675 2150 3731 bilium
2179 3677 2523 3746 omnipotens
2548 3675 2875 3746 principium
2902 3692 2983 3740 es,
3008 3679 3100 3746 qui
3130 3678 3345 3734 initium
3376 3681 3543 3736 babes

1956 3768 2319 3825 aeternitatem
2352 3769 2596 3823 increate
2650 3769 2739 3840 qui
2778 3769 2939 3824 ﬁnem
2976 3769 3144 3826 babes
3185 3771 3536 3836 inﬁnitatem,

1957 3860 2226 3916 immense
2259 3861 2353 3931 qui
2388 3871 2641 3917 naturam
2681 3863 2845 3918 babes
2876 3866 3315 3933 supernaturale,
3374 3866 3545 3920 incir-

1960 3956 2329 4025 cumscripte;
2380 3963 2435 4009 et
2487 3954 2848 4010 substantiam
2900 3957 3066 4013 habes
3115 3960 3545 4029 supersubstan-

1962 4049 2110 4111 llalc,
2144 4048 2406 4118 ingenito;
2461 4056 2516 4104 et
2566 4046 2800 4103 formam
2835 4050 3003 4106 habes
3029 4053 3173 4122 quod
3206 4055 3329 4108 sine
3368 4054 3541 4107 forma

1962 4151 2068 4200 cst.
2104 4141 2416 4206 invisibilis;
2444 4152 2497 4195 et
2532 4142 2810 4212 proprium
2862 4143 3030 4198 habes
3075 4147 3217 4215 quod
3257 4162 3365 4201 non
3417 4162 3575 4217 pro-.

1959 4234 2244 4304 prietatem
2296 4234 2574 4300 admittit,
2644 4235 3125 4305 incorruptibilis;
3179 4248 3234 4292 et
3300 4239 3544 4293 habitum

1960 4328 2105 4397 quod
2140 4342 2245 4381 non
2279 4335 2363 4382 est
2394 4329 2613 4384 habitus
2650 4345 2758 4384 non
2811 4329 3190 4399 vestigabilis;
3235 4340 3287 4386 et
3320 4333 3499 4388 locum
3527 4374 3545 4400 ,

295 4455 355 4490 τε
389 4439 481 4491 καὶ
501 4438 797 4506 ἄγνωστον,
830 4436 1115 4507 ἀπρόσιτε,
1145 4436 1239 4489 καὶ
1272 4420 1623 4504 ἀπερινόητεξ
1661 4435 1753 4486 καὶ
1785 4432 1862 4484 λό-

1964 4420 2442 4487 immensitatem,
2521 4421 3031 4493 iucireumscripte;
3097 4426 3547 4494 comprehensio-

298 4541 394 4592 γον
434 4526 495 4579 16
535 4526 864 4594 ἄφθεγκτον,
915 4524 1295 4594 ἀνεκδιήγητε,
1346 4526 1441 4578 καὶ
1467 4525 1761 4594 ἑρμηνείαν
1812 4523 1871 4575 16

299 4616 719 4684 ἀνερμήνευτον,
751 4615 944 4681 ἀφατε,
968 4614 1137 4665 καὶτὸ
1150 4613 1468 4682 ἀνεννόητον
1485 4616 1691 4682 νόησιν,
1717 4610 1870 4665 ἀδια-

298 4707 475 4773 νόητε,
521 4708 614 4758 καὶ
667 4706 805 4767 ὅλως
840 4706 987 4759 θέσιν
1024 4705 1123 4776 τὴν
1156 4704 1297 4775 ὑπὲρ
1334 4705 1511 4758 πάντα
1557 4704 1869 4772 ἀφαίρεσιν,

298 4798 550 4868 ὑπέρθεε,
594 4798 714 4860 ὅλος
757 4794 808 4850 εἴ
856 4798 1062 4869 θαῦμα,
1102 4799 1196 4850 καὶ
1240 4797 1471 4867 γαλήνη,
1515 4798 1609 4848 καὶ
1647 4795 1869 4866 θάρρος,

297 4894 390 4943 καὶ
418 4892 628 4960 ἀγάπη,
659 4892 750 4945 καὶ
781 4891 1078 4961 γλυκύτης,
1117 4889 1213 4941 καὶ
1246 4888 1505 4960 θυμηδία,
1550 4887 1644 4940 καὶ
1677 4888 1869 4940 πεποί-

297 4982 456 5051 om;
485 4987 541 5034 ἐν
570 4982 837 5052 ξύμπασι.
873 4982 968 5035 καὶ
999 4980 1075 5051 τῷ
1103 4982 1221 5032 ὁντι
1259 4978 1561 5049 ἀμεριμνία
1587 4980 1681 5030 καὶ
1704 4977 1868 5048 χαρὰ,

296 5073 333 5141 ἡ
364 5073 725 5138 ἐνυπόστατος
772 5072 905 5142 μόνη
950 5072 1079 5135 δόξα
1133 5070 1226 5122 καὶ
1260 5068 1526 5138 βασιλεία,
1563 5071 1655 5119 καὶ
1686 5066 1868 5135 σοφία,

298 5172 391 5217 καὶ
419 5166 669 5235 δύναμις.
718 5168 816 5217 Διὰ
845 5165 1004 5218 τοῦτο
1040 5163 1295 5224 ἔκστασις
1344 5160 1451 5212 ἀπὸ
1493 5160 1712 5214 πάντων
1765 5158 1871 5211 τῶν

296 5260 616 5329 ὁρωμένων,
645 5260 738 5309 καὶ
788 5257 1137 5322 κατάπαυσις
1168 5254 1277 5307 ἀπὸ
1319 5254 1538 5308 πάντων
1578 5252 1687 5304 τῶν
1721 5268 1870 5305 νοου-

303 5351 481 5420 μένων
520 5350 842 5416 πεφυκότως
880 5347 1099 5418 ἄρρητα
1144 5346 1291 5419 γίνῃ,
1339 5345 1433 5397 καὶ
1462 5344 1765 5405 ἀνάπαυσις
1812 5343 1871 5395 ὲν

301 5443 384 5492 σοι
418 5438 705 5509 θαυμαστὴ
736 5440 847 5500 τοῖς
908 5437 1048 5506 μετὰ
1079 5437 1314 5507 μετοχῆς
1365 5452 1425 5487 σε
1474 5433 1738 5505 θεωροῦσι
1774 5433 1868 5487 τοῦ

296 5533 455 5594 ἁγίου
492 5530 825 5592 Πνεῦματος,
868 5530 1111 5593 ἄφραστε
1146 5528 1269 5582 Θεέ.

1968 4526 2201 4582 nemque
2243 4521 2297 4565 et
2327 4513 3055 4584 incomprehensibilitatem,
3090 4519 3412 4574 abscondite
3442 4538 3457 4587 ;
3487 4529 3542 4574 et

1969 4604 2337 4673 cognitionem
2369 4606 2990 4677 eontemplationemque
3012 4609 3159 4679 quod
3208 4625 3312 4664 non
3369 4620 3551 4681 potest

1970 4696 2123 4749 nosci
2153 4696 2468 4762 autvideri,
2520 4697 2924 4756 inaccessibilis
2960 4711 3013 4757 ct
3063 4716 3168 4759 non
3217 4704 3549 4773 cogitabilis,

1965 4795 2020 4842 et
2052 4789 2354 4855 rationem;
2401 4789 2547 4859 quod
2581 4806 2744 4860 supra
2781 4794 3046 4849 rationem
3068 4805 3172 4855 est.
3209 4798 3548 4851 inenarrabi-

1966 4877 2072 4945 lis;
2116 4888 2170 4933 et
2206 4880 2735 4951 interpretationem,
2781 4885 2927 4953 quod
2980 4902 3143 4940 nemo
3173 4898 3348 4954 potest
3384 4890 3517 4942 inte:

1966 4973 2191 5043 pretari,
2228 4973 2539 5041 ineﬁabilis;
2571 4984 2625 5029 et
2662 4979 3073 5047 cogitationem,
3109 4983 3255 5049 quod
3304 4999 3406 5035 non
3447 4999 3549 5052 po-

1971 5075 2074 5121 test
2106 5069 2374 5137 cogitari,
2423 5070 2838 5138 incogitabilis;
2892 5082 3057 5143 atque
3101 5076 3329 5129 omnino
3383 5079 3551 5129 siuun

1971 5158 2139 5213 babes
2174 5175 2340 5229 super
2372 5163 2555 5215 omnia
2592 5163 2995 5228 celsitudinem,
3028 5182 3058 5218 ο
3088 5165 3373 5236 Supreme;
3407 5177 3552 5221 unus

1970 5267 2031 5308 es
2062 5253 2347 5319 mirabilis,
2369 5264 2421 5308 et
2454 5271 2553 5325 pax
2585 5265 2638 5309 et
2665 5256 2859 5311 ﬁducia
2893 5266 2945 5311 et
2980 5257 3219 5311 eliaritas
3244 5258 3548 5312 etdulcelo

1967 5355 2023 5402 et
2060 5346 2286 5408 deliciae.
2325 5358 2379 5402 et
2421 5348 2472 5401 in
2506 5349 2762 5403 omnibus
2795 5353 3065 5405 securitas
3092 5359 3144 5404 et
3174 5366 3300 5403 vera
3337 5350 3546 5413 betitia,

1967 5440 2082 5495 sola
2115 5441 2489 5496 snlrtantialis
2515 5440 2685 5510 gloria
2733 5449 2789 5498 et
2826 5457 3052 5510 regnum
3095 5454 3149 5497 et
3181 5444 3446 5512 sapientia
3493 5453 3550 5496 et

1968 5532 2249 5586 fortitudo.
2281 5518 2514 5603 ideoque
2553 5534 2621 5588 ab
2665 5534 2925 5588 omnibus
2964 5534 3268 5589 visibilibus
3312 5533 3550 5589 recessit)

298 5634 351 5675 et
419 5622 487 5676 ab
522 5622 781 5676 omnibus
826 5617 1211 5690 cogitabilibus
1260 5628 1491 5675 cessatio
1524 5623 1846 5678 naturaliter
1904 5624 2193 5680 ineﬁ‘abilis
2246 5642 2327 5690 es,
2358 5635 2413 5682 et
2468 5626 2683 5696 requies
2728 5626 2782 5681 in
2820 5634 2874 5681 te
2923 5627 3167 5681 miranda
3204 5629 3272 5685 iis
3318 5631 3412 5699 qui
3476 5636 3553 5693 te,

300 5728 425 5769 cum
467 5715 641 5768 sancti
669 5713 911 5783 Spiritus
941 5709 1386 5781 participatione.
1408 5715 2191 5786 contemplantur..inelTabibs
2228 5718 2389 5775 Deus.

348 5830 417 5897 ιζ.
460 5851 477 5882 ι
503 5832 932 5904 Θαυμαζόμενον
960 5830 1039 5900 δὲ,
1068 5830 1127 5884 16
1172 5829 1327 5883 Θεῖον
1350 5827 1574 5898 δηλαδὴ,
1597 5825 1841 5879 ποθετται

2037 5816 2125 5873 90.
2169 5833 2187 5869 ι
2236 5817 2488 5875 Divinum
2542 5819 2688 5891 quod
2738 5818 3026 5892 miramur,
3078 5823 3253 5893 magis
3291 5836 3555 5895 optatur;
