3996 6202
360 365 459 428 941

1492 345 1588 437 Dis
1631 383 1803 441 VlTA
1842 384 2512 452 CONTEMPLA'I‘IVA.

3512 397 3622 457 942

362 500 456 552 τοῦ
498 502 821 569 ὑπερφῶτου
857 502 1078 568 γνόφου.
1113 503 1225 554 Οὐκ
1256 499 1393 565 οἶδα,
1431 503 1506 563 ὡς
1534 504 1596 557 σὺ
1622 504 1919 569 γινώσκεις

2055 506 2477 566 pernaturalitcr
2512 506 2565 559 in
2602 505 2864 576 mysterio
2894 517 2946 559 et
2979 506 3328 562 incﬂ‘abiliter
3357 509 3621 576 spiritua-

361 594 472 644 εἴτε
502 594 579 654 είς
608 592 665 643 ὃν
699 593 927 661 εἰσήχθη
975 593 1187 672 illuni;
1208 611 1267 645 τε
1310 595 1497 656 πάλαι,
1520 594 1618 647 εἴθ’
1651 595 1731 646 ὅτι
1754 590 1929 658 οὗτος,

360 682 568 734 ἐκείνου
604 683 789 747 εἰκὼν,
826 682 935 757 ,εἴτ’
973 678 1065 734 οῦν
1102 684 1316 750 τούτου,
1368 687 1594 747 ἐκεῖνος,
1655 683 1793 752 πλὴν
1848 686 1930 736 ὃτι

362 770 520 836 οὗτος
577 774 889 842 περιφανῶς
942 776 1129 843 νοητὸς
1174 775 1373 842 γνόφος
1416 776 1560 839 ἐστὶ,
1614 778 1707 829 καὶ
1753 776 1834 827 ὅτι
1873 778 1930 826 ἐν

2044 592 2109 645 lis
2144 594 2361 646 uuiouis
2395 594 2753 658 unitatisque
2794 597 3154 662 perﬁciuntur
3181 599 3477 667 mysteria;
3512 616 3623 664 quo

2044 684 2337 736 introducti
2395 701 2516 738 cum
2570 686 2927 759 illuminantis
2973 688 3204 756 spiritus
3248 688 3401 755 face,
3434 690 3487 745 id
3520 708 3617 762 ap-

2046 776 2218 842 prime
2245 786 2299 830 et
2330 777 2619 831 manifeste
2658 789 2929 832 noverunt

365 865 517 934 αύτῷ
561 867 800 918 τελεῖται
847 864 1007 924 θείως
1036 867 1130 917 καὶ
1177 867 1474 935 ὑπερφυῶς
1509 870 1567 919 ὲν
1608 871 1684 937 τῷ
1739 870 1989 938 μυστικῷ
2027 869 2125 936 τῆς
2165 866 2345 936 ψυχῆς
2390 868 2672 936 ἀρῤήτως,
2715 869 2783 922 τὰ
2808 872 2905 937 τῆς
2944 876 3327 945 πνευματικῆς
3369 878 3617 944 ἑνώσεως

364 961 460 1014 καὶ
489 962 712 1031 ἀγάπης
741 963 1019 1032 μυστήρια
1048 978 1062 991 ·
1090 963 1138 1015 oi
1161 962 1513 1033 εἰσαγόμενοι
1549 966 1689 1034 μετὰ
1712 966 1811 1033 τῆς
1840 965 2130 1036 δᾳδουχίας
2156 968 2249 1022 τοῦ
2287 972 2613 1036 φωτίζοντος
2640 973 2953 1044 [Ινεύματος
2986 974 3107 1026 λίαν
3169 973 3438 1045 λαμπρῶς
3487 980 3611 1029 ἐπίς
3668 962 3683 973 ’

364 1072 607 1111 στανται.

435 1160 541 1230 ιβ’.
594 1161 687 1224 Τίς
734 1180 791 1214 σε
837 1161 1213 1230 διακειμένως,
1241 1160 1413 1231 Κύριε
1448 1160 1637 1231 Τριὰς,
1677 1161 1815 1230 όρῶν
1865 1164 1926 1212 οὐ

2091 1157 2178 1213 9:2.
2217 1159 2348 1225 Quis
2387 1170 2458 1225 te,
2495 1161 2759 1228 Trinitas,
2822 1165 3067 1234 Domine,
3101 1180 3158 1222 ut
3187 1171 3343 1225 dccvt
3368 1186 3609 1229 contem-

372 1254 552 1321 χαίρει
599 1254 688 1306 τὸν
743 1254 967 1324 βασιλέα
1001 1254 1093 1305 καὶ
1123 1252 1464 1306 ἀδιάλειπτον
1501 1252 1787 1321 πρύτανιν,
1836 1254 1919 1303 καῖ

2020 1253 2195 1320 plans,
2233 1272 2357 1327 non.
2383 1256 2616 1321 laetatur,
2640 1276 2763 1313 eum
2799 1270 2849 1314 te
2879 1278 3058 1329 regem
3086 1263 3607 1336 indeiieientemque

358 1344 619 1413 διανομέα
648 1346 847 1407 παντὸς
896 1344 1205 1398 οὑτινοσοῦν
1237 1343 1401 1396 καλοῦ
1440 1343 1533 1395 καλ⁵
1557 1341 1787 1410 ἀγαθοῦ,
1836 1343 1919 1393 καῖ

2019 1344 2234 1408 ducem,
2272 1355 2327 1400 et
2362 1351 2543 1404 omnis
2576 1351 2703 1404 boni
2759 1368 2822 1405 ac
2857 1353 3073 1420 pulchri
3142 1355 3601 1425 dispensatorem,

361 1435 593 1500 πηγαῖον
623 1433 778 1485 δλὸον
809 1433 1014 1487 τούτων
1048 1434 1415 1504 τυγχάνοντας
1450 1434 1543 1487 καὶ
1580 1433 1663 1495 τίς
1703 1433 1809 1502 πρὸ
1834 1433 1931 1501 τῆς

359 1523 604 1586 ὁράσεως
635 1526 732 1591 τῆς
776 1524 1284 1595 παντοκρατορικῆς
1323 1523 1637 1586 δεσποτείας
1674 1540 1767 1575 σου
1800 1524 1925 1591 χαί-

362 1620 475 1657 ρειν
508 1606 620 1673 ἔχοι
656 1606 826 1673 χαράν
864 1605 1077 1676 άληθῆς
1108 1608 1277 1678 Δῆλον
1319 1610 1400 1662 ὅτι
1428 1612 1601 1675 οὐδεὶς
1639 1615 1918 1684 οὐδαμῶς·

356 1694 442 1747 διὰ
460 1693 619 1749 τοῦτο
640 1694 717 1763 τῷ
733 1696 867 1759 ὄντι,
899 1715 916 1747 ι
943 1698 1219 1767 Μακάριοι
1238 1702 1286 1752 oi
1308 1700 1538 1772 καθαροὶ
1568 1706 1633 1774 τῇ
1658 1705 1874 1776 καρδίᾳ,
1899 1726 1917 1758 ι

353 1788 434 1840 ὅτι
462 1782 604 1841 οὗτοί
644 1804 703 1840 σε
740 1789 1059 1844 ὁπτάνονται
1087 1792 1296 1861 ὄμματι
1328 1794 1525 1863 ψυχῆς,
1550 1797 1726 1866 χαρὰν
1768 1799 1926 1852 αὑτό-

353 1894 541 1947 χρημα
568 1878 699 1932 ὄντα
727 1881 1095 1952 διαφερόντως
1119 1886 1519 1955 πνευματικὴν,
1548 1888 1640 1940 καὶ
1677 1890 1926 1960 χαίρουσι

351 1968 418 2038 δὴ
448 1969 585 2039 μετὰ
609 1971 856 2038 γάννους,
886 1974 982 2027 καὶ
1031 1973 1233 2045 πολλῆς
1264 1975 1552 2046 θυμηδίας,
1584 1981 1678 2033 καὶ
1713 1980 1925 2052 ἀφορή-

352 2075 458 2111 των
488 2060 707 2131 ἐρώτων
737 2062 1131 2132 ἐμπίπλανται,
1167 2064 1426 2130 πολλάκις
1457 2070 1554 2121 καὶ
1583 2076 1923 2139 σωματικαῖς

353 2152 821 2220 προσπαλαίοντες
855 2154 1232 2221 περιστάσεσι,
1276 2158 1372 2210 καὶ
1416 2157 1758 2227 δαιμονικαῖς
1804 2164 1924 2215 επις

356 2245 549 2311 φοραῖς
584 2242 916 2313 πάσχοντες·
970 2245 1031 2298 τὸ
1082 2248 1190 2317 γὰρ
1246 2249 1619 2320 πνευματικὸν
1667 2252 1782 2319 φῶς
1829 2253 1921 2305 τοῦ

356 2332 584 2395 κάλλους
618 2334 712 2386 τοῦ
742 2336 1031 2405 προσώπου
1063 2355 1176 2402 σου,
1212 2339 1406 2408 Κύριε,
1450 2342 1743 2410 ἀπειράκις
1770 2346 1924 2398 ἀπεί-

356 2438 466 2491 ρως
491 2422 897 2493 ὑπερεξῄρηται
924 2424 1018 2476 τοῦ
1039 2427 1132 2479 καὶ
1158 2428 1404 2483 ὁπωσοῦν
1430 2430 1573 2503 λύπῃ
1604 2433 1921 2503 προσίεσθαι

354 2516 616 2583 κοσμικῇ,
647 2507 690 2580 ᾧ
725 2514 1093 2582 ὲλλάμπεσθαι
1137 2518 1384 2586 γίγνεται
1421 2520 1511 2573 διὰ
1539 2522 1781 2592 χάριτος.
1822 2526 1921 2579 Διὰ

350 2604 508 2655 τοῦτο
534 2605 845 2675 γλυκασμδς
875 2606 992 2669 ὅλος
1011 2611 1431 2679 προπορεύεσαι.
1453 2612 1611 2675 Ὄλος
1633 2613 1919 2684 ἐπιθυμία,

351 2694 482 2762 ἁγία
511 2712 571 2747 τε
600 2695 806 2763 ἔφεσις,
859 2698 1097 2769 ἄρρητος
1132 2700 1301 2771 ἐρωςο
1342 2702 1591 2757 ἐντεῦθεν
1628 2707 1661 2774 ἡ
1700 2705 1919 2776 ἀγάπης

351 2803 445 2837 σου
511 2787 807 2857 ἁφορήτοις
879 2789 1181 2859 ὑπερφυέσι
1262 2793 1508 2863 κέντροις
1579 2797 1915 2865 τετρωμένη.

362 2878 727 2947 ’Δποκαοιστᾷ
772 2879 901 2942 τοὺς
929 2881 1073 2935 κατά
1112 2883 1232 2936 τινά
1264 2900 1322 2936 σε
1360 2885 1599 2954 ὁρῶντας
1638 2888 1914 2943 ἐπίνοιαν·

350 2968 600 3022 ἐντεῦθεν
629 2971 708 3032 είς
737 2971 911 3042 ὀσμὴν
955 2972 1145 3041 μύρων
1174 2992 1268 3027 σου
1306 2977 1481 3031 ὀπίσω
1532 2995 1624 3031 σου
1680 2998 1917 3034 κατακο-

348 3058 636 3114 λουθοῦσαι
685 3062 937 3130 τρέχουσι
977 3064 1192 3135 σφοδρῷ
1234 3069 1327 3119 καὶ
1379 3070 1643 3139 ἁνενδότῳ
1688 3072 1826 3142 τόνῳ
1861 3075 1915 3124 ai

346 3151 514 3221 ψυχαὶ
533 3152 660 3216 τῶν,
689 3152 779 3221 ὑφ’
799 3146 873 3205 ὧν
900 3153 1116 3223 δρᾶσαι,
1149 3156 1357 3227 ἄρρητε
1389 3159 1508 3224 Θεὲ,
1534 3161 1627 3213 καὶ
1651 3163 1706 3215 ἐν
1734 3164 1914 3233 σφίσιν
1932 3171 1976 3233 C

346 3242 536 3305 αὑταῖς
560 3242 737 3296 ἕλκειν
764 3261 821 3296 σε
854 3245 1005 3317 πάσῃ
1034 3247 1328 3316 πειρῶνται
1354 3255 1590 3321 μηχανῇ,
1617 3254 1916 3323 ήττημέναι

346 3333 586 3397 πάντως,
617 3334 709 3386 καὶ
746 3336 1095 3406 ἐκτετηκυῖαι
1136 3338 1214 3409 τῷ
1248 3340 1397 3411 πόθῳ
1438 3359 1531 3393 σου
1563 3342 1911 3413 θαυμαστῶς.

348 3423 517 3478 Ὅθεν
548 3424 794 3495 ἁλήστως
846 3444 905 3479 σε
953 3428 1165 3498 ἔχουσιν
1199 3432 1291 3482 ὲπὶ
1324 3431 1448 3485 νοῦν
1493 3434 1788 3504 ἐξηρμέναι
1822 3438 1915 3490 τοῦ

350 3515 579 3578 κάλλους
620 3534 712 3569 σου
743 3517 837 3569 τοῦ
868 3519 1195 3589 ὑπερφυοῦς.
1232 3523 1447 3577 Μᾶλλον
1480 3527 1578 3594 μὲν
1614 3523 1707 3580 οὖν
1741 3528 1917 3597 διηνε-

351 3605 461 3667 κῶς
486 3609 579 3659 καὶ
602 3612 985 3677 πνευματικῶς
1010 3613 1274 3683 πρότερον
1299 3617 1545 3685 κατέχεις
1570 3618 1669 3682 τὰς
1692 3622 1916 3691 καρδίας

354 3696 555 3762 αὐτῶν,
605 3699 699 3749 καὶ
734 3698 944 3767 νύκτωρ
975 3700 1143 3771 δήπου
1198 3705 1291 3756 καὶ
1330 3707 1449 3776 μεθ’
1481 3710 1713 3778 ἡμέραν,
1760 3714 1853 3764 καὶ
1890 3715 1918 3764 ὀ

355 3788 519 3851 ὕπνος
561 3786 778 3859 ἀπέπτη
831 3791 939 3846 ἀπὸ
985 3792 1095 3847 τῶν
1138 3794 1422 3868 βλεφάρων
1471 3800 1690 3853 αὐτῶνο
1741 3805 1834 3855 καὶ
1888 3806 1915 3873 ἡ

352 3879 1911 3950 ἡδύτης..............-

592 4010 606 4024 ο
686 4012 700 4027 0
778 4012 792 4025 ο
870 4015 883 4027 0
964 4018 976 4030 ι
1057 4017 1071 4031 0
1151 4018 1166 4031 0
1242 4017 1255 4024 ’
1340 4022 1353 4033 0
1432 4022 1446 4035 0
1524 4023 1538 4036 0
1619 4022 1634 4038 0
1712 4024 1726 4038 α
1806 4026 1819 4041 0
1899 4025 1912 4039 0

348 4263 416 4302 ει.
442 4246 574 4300 ἀλλὰ
602 4248 1241 4316 καὶκαοεύδουσαιτέως,
1274 4254 1475 4325 ὅμωςή
1509 4259 1703 4327 καρδία
1736 4262 1915 4315 αὐτῶν

348 4338 440 4389 καὶ
482 4336 670 4408 [afﬁrm
710 4343 994 4410 γρηγορεῖ,
1027 4342 1452 4412 ἀγαλλιώμεναι,
1477 4346 1551 4410 ὡς
1573 4349 1600 4399 ὁ
1630 4352 1914 4420 προφήτης

347 4429 493 4496 λέγει
539 4433 629 4482 ἐπὶ
663 4431 770 4484 τῶν
799 4434 991 4485 κοιτῶν
1037 4435 1236 4488 αὐτῶν.
1268 4438 1377 4489 Καὶ
1409 4440 1715 4509 ἐφαμίλλως
1749 4443 1911 4512 ὁρῶσι

351 4522 441 4573 καὶ
472 4522 803 4591 συνέχονται,
826 4526 915 4576 καὶ
939 4525 990 4576 τί
1023 4526 1276 4592 γενέσθαι
1305 4531 1403 4582 οὐκ
1432 4531 1634 4601 ἔχουσι,
1661 4536 1753 4586 καὶ
1783 4537 1912 4588 ἁπο-

352 4610 523 4678 ροῦσι,
559 4616 651 4663 καὶ
681 4613 989 4676 ἐξίστανται
1011 4617 1097 4669 διὰ
1135 4618 1204 4671 τὰ
1231 4619 1546 4691 διακείμενα
1571 4624 1669 4690 τῆς
1704 4627 1912 4694 ἁφάτου

349 4702 699 4771 φαιδρότητος
750 4705 843 4756 τοῦ
894 4706 1185 4775 προσώπου
1223 4727 1346 4776 σου,
1383 4712 1471 4765 διὰ
1514 4714 1611 4784 τὴν
1665 4717 1913 4785 μεγαλω-

349 4792 514 4860 σύνην
552 4794 649 4859 τῆς
678 4794 833 4863 δόξης
879 4799 975 4865 τῆς
1016 4799 1322 4870 ἁγιωσύνης
1357 4820 1470 4863 σου,
1511 4806 1594 4857 διὰ
1623 4808 1720 4870 τὰς
1748 4810 1915 4879 ὑπερ-

346 4881 606 4950 κοσμίους
639 4881 703 4944 ἃς
737 4881 1113 4956 διΙατίΘεν]ται
1142 4888 1199 4937 ἐν
1228 4889 1445 4954 ἑαυταῖς
1479 4894 1768 4957 ἀναϐάσεις
1795 4914 1910 4963 σου,

345 4970 439 5023 καὶ
471 4970 840 5039 ἀποκαλύψεις
874 4973 972 5035 τὰς
1005 4977 1297 5043 μυστικὰς,
1330 4979 1417 5032 διὰ
1444 4981 1513 5033 τὰ
1544 4985 1712 5054 μυρία
1742 4987 1912 5058 άπόῤ⁶

346 5064 487 5132 ῥητά
518 5081 578 5115 τε
603 5065 697 5116 καὶ
721 5065 923 5133 ἄφατα,
959 5070 1217 5137 πάγκαλά
1243 5088 1303 5123 τε
1338 5074 1432 5126 καὶ
1458 5078 1741 5145 πανάγαθα
1766 5081 1913 5152 δῶρα

345 5156 878 5228 Πάτερτὰπερὶσὲ.
955 5202 969 5215 .
1049 5205 1064 5219 .
1145 5204 1159 5217 .
1242 5206 1256 5221 .
1337 5208 1347 5221 .
1428 5210 1441 5222 .
1523 5211 1535 5224 .
1616 5212 1627 5225 .
1708 5215 1720 5227 .
1801 5216 1814 5228 .
1894 5220 1907 5232 .

344 5338 437 5390 καὶ
469 5341 747 5411 στηρίξαις
786 5346 911 5409 τοὺς
956 5349 1015 5402 ἐν
1061 5352 1316 5426 εύούτητι
1351 5356 1777 5431 [κατοικοῦν]τας
1814 5365 1907 5419 σὺν

342 5429 420 5499 τῷ
450 5432 728 5503 προσώπῳ
762 5452 877 5492 σου.

2015 1436 2404 1492 etdivitiarum
2435 1438 2640 1495 fontem
2669 1442 2909 1512 cogitat?
2947 1443 3015 1497 Et
3049 1443 3174 1515 quis
3206 1461 3329 1501 ante
3363 1460 3468 1502 ture
3502 1452 3604 1501 do-

2015 1528 2337 1585 minationis
2370 1531 2764 1599 omnipotentis
2795 1535 3065 1589 visionem
3092 1552 3201 1590 non
3229 1553 3357 1590 vera
3410 1539 3604 1595 lmtitia

2013 1623 2287 1676 frueretur
2308 1622 2331 1675 ?
2350 1621 2698 1678 Manifestqu
2719 1636 2801 1679 est
2820 1626 3088 1680 neminem
3103 1643 3210 1682 non
3232 1630 3422 1683 la‘tari.
3447 1631 3601 1686 ideo-

2011 1728 2116 1781 que
2135 1727 2343 1778 revera,
2402 1723 2427 1764 ι·
2447 1715 2585 1769 beati
2611 1717 2815 1770 mundo
2836 1717 3001 1772 corde
3032 1737 3078 1782 ι,
3103 1721 3229 1787 quia
3282 1730 3335 1775 te
3406 1723 3603 1777 anima:

2010 1803 2183 1858 oculis
2215 1803 2696 1870 videbunt,la2titla
2724 1807 2890 1861 multa
2920 1823 2985 1861 ac
3038 1811 3311 1878 spirituali
3384 1814 3600 1882 repleti,

2020 1903 2228 1949 etcum
2260 1896 2624 1950 exsultatione
2671 1913 2735 1952 ac
2770 1899 2937 1952 multa
3000 1902 3274 1969 voluptate
3323 1903 3600 1968 laetantur,

2020 1985 2349 2055 ardentique
2379 2000 2564 2040 amore
2590 1987 2891 2055 replentur,
2924 1991 3304 2057 corporalibus
3346 1993 3603 2048 obstacu-

2018 2076 2085 2133 lis
2115 2078 2453 2145 resistentes,
2490 2089 2543 2133 et
2562 2078 2951 2134 daemoniorum
3007 2082 3245 2137 insultus
3301 2087 3599 2153 patientes.

2021 2166 2316 2238 Spirituale
2342 2169 2486 2223 enim
2534 2172 2716 2226 vultus
2767 2173 2846 2225 tui
2900 2172 3322 2241 pulchritudinis
3376 2176 3595 2239 lumen,

2019 2261 2270 2327 Domine,
2300 2264 2507 2318 inﬁnito
2564 2264 2633 2318 ab
2666 2264 2830 2334 hujus
2872 2264 3057 2318 mundi
3111 2267 3330 2322 tristitia
3390 2269 3597 2336 distat;

2018 2371 2128 2425 quo
2148 2355 2352 2411 lumine
2377 2372 2473 2425 per
2488 2356 2716 2426 gratiam
2738 2373 2892 2411 mens
2920 2357 3280 2412 illuminatur.
3306 2358 3599 2429 Fronterea

2020 2450 2213 2517 ingens
2262 2449 2311 2503 ei
2367 2450 2597 2504 dulcedo
2637 2458 2950 2519 praestatur,
2986 2450 3343 2514 desiderium,
3424 2453 3598 2506 sancti

2019 2540 2524 2603 motus.inelfabilis
2556 2557 2747 2605 amor;
2773 2542 2915 2597 unde
2949 2542 3199 2597 caritatis
3231 2557 3339 2598 tuae
3388 2546 3597 2601 aculeis

2017 2633 2525 2701 supernaturalibus
2549 2636 2875 2705 acribusque
2908 2650 3061 2689 mens
3083 2636 3366 2691 vulnerata
3418 2639 3597 2709 [ευρι-

2018 2725 2078 2779 lit
2120 2741 2213 2778 eos
2266 2728 2358 2793 qui
2416 2736 2467 2780 te
2507 2729 2807 2781 secundum
2886 2727 3125 2796 aliquam
3195 2729 3585 2800 cogitationem

2016 2817 2230 2883 vident;
2298 2817 2440 2872 unde
2494 2818 2548 2871 in
2611 2821 2833 2872 odorem
2890 2831 3295 2886 unguentorum
3379 2831 3595 2878 tuorum

2015 2918 2139 2977 post
2170 2920 2222 2963 te
2251 2918 2544 2977 sequentes
2575 2922 2808 2964 currunt
2842 2912 3149 2966 vehementi
3173 2922 3229 2967 et
3262 2913 3597 2968 iudeticiunti

2016 3004 2210 3056 ardore
2230 3017 2418 3055 eorum
2452 3003 2646 3057 anima:
2676 3020 2703 3057 a
2722 3003 2922 3073 quibus
2946 3006 3231 3073 aspiceris,
3279 3006 3596 3069 insatiabilis,

2016 3103 2067 3147 et
2106 3094 2159 3148 in
2195 3094 2340 3162 ipSas
2370 3104 2421 3149 te
2451 3097 2726 3150 attrahere
2752 3099 2899 3150 omni
2957 3099 3121 3153 modo
3150 3110 3445 3164 conantur,
3476 3116 3598 3153 om-

2011 3187 2139 3238 nino
2167 3186 2323 3240 victa‘
2345 3199 2398 3241 et
2436 3188 2517 3241 tui
2549 3189 2818 3243 desiderio
2847 3190 2981 3243 mire
3009 3201 3371 3257 consumptae.
3438 3186 3596 3243 Unde

2011 3293 2119 3329 non
2164 3290 2391 3347 possunt
2421 3289 2473 3334 te
2504 3281 2778 3343 oblivisci,
2811 3291 2992 3336 mente
3044 3292 3135 3334 tua
3186 3281 3592 3350 supernaturali

2010 3371 2413 3439 pulchritudine
2462 3386 2751 3441 suspensa.
2804 3371 2921 3427 imo
3010 3389 3139 3427 vero
3207 3385 3467 3443 perpetuo
3530 3389 3597 3428 ac

2008 3463 2361 3530 spiritualiter
2392 3465 2539 3531 prius
2570 3479 2759 3517 eorum
2795 3465 2961 3519 corda
3015 3465 3283 3533 possides,
3325 3474 3377 3519 et
3434 3474 3595 3520 nocte

2008 3562 2060 3605 et
2101 3553 2206 3616 die,
2234 3565 2286 3605 et
2330 3570 2556 3609 somnus
2580 3553 2771 3621 elIugit
2794 3555 2860 3608 ab
2899 3556 3074 3610 oeulis
3104 3571 3315 3619 eorum,
3348 3567 3401 3611 et
3468 3560 3592 3611 dul-

2007 3645 2142 3699 cedo

2123 3779 2138 3794 0
2220 3778 2235 3793 0
2327 3782 2339 3794 ι
2419 3778 2435 3792 0
2516 3778 2531 3791 0
2610 3776 2625 3792 0
2702 3776 2720 3792 0
2799 3778 2813 3793 ο
2892 3776 2910 3793 0
3002 3776 3017 3791 ο
3099 3774 3115 3790 ο
3192 3778 3208 3794 0
3284 3776 3298 3791 ο
3379 3778 3393 3792 0
3472 3778 3487 3793 ο
3565 3778 3579 3792 0

2013 4363 2095 4426 si,
2153 4362 2249 4417 sed
2292 4364 2681 4418 dormientium
2749 4378 2843 4417 cor
2893 4373 3072 4417 tamen
3121 4361 3346 4429 vigilat;
3399 4362 3585 4416 exsul-

2013 4466 2259 4526 tantque,
2283 4467 2341 4513 ut
2369 4460 2754 4527 aitpropheta,
2797 4461 2846 4512 in
2890 4458 3154 4513 cubilibus
3189 4459 3325 4512 suis.
3363 4456 3427 4511 Et
3454 4474 3588 4511 eun-

2014 4550 2345 4619 tetuplantur
2394 4567 2455 4605 ac
2508 4553 3014 4619 Cotnprehcnluut,
3050 4561 3103 4606 ct
3160 4553 3407 4606 nesciunt
3457 4552 3586 4620 quid

2012 4644 2161 4703 iiaul,
2191 4655 2247 4698 et
2277 4644 2555 4708 tit-licium,
2587 4656 2640 4699 ct
2674 4646 2726 4699 in
2751 4647 3009 4700 t‘Xslasim
3048 4646 3334 4713 rapiuntur
3366 4654 3590 4714 pr0ptct'

2014 4737 2088 4787 tui
2126 4736 2309 4788 vultus
2332 4736 2637 4802 Spl-1Hltﬂ'l5
2675 4737 3193 4803 Inauil‘estationem,
3229 4752 3449 4806 promer
3487 4748 3590 4791 tua:

2010 4827 2195 4895 gloria:
2235 4840 2297 4879 ac
2337 4829 2644 4882 sanctitatis
2680 4828 3587 4899 magnitudinem,proptcrsupcr-

2012 4919 2289 4973 naturales
2331 4928 2469 4981 tuas,
2510 4936 2632 4989 qua:
2682 4921 3177 4991 ipsas'tlisponunt,
3239 4924 3591 4976 asentisiones

2011 5023 2064 5065 et
2116 5012 2370 5079 mysticas
2404 5014 2798 5079 revelationes,
2837 5026 3059 5083 prepter
3099 5026 3358 5071 sexcenta
3391 5033 3589 5070 arcana

2009 5115 2063 5160 et
2089 5104 2406 5173 iueﬂabilia,
2445 5107 2919 5176 pulcherrimaque
2956 5118 3010 5163 et
3038 5110 3241 5178 Optima
3268 5110 3435 5172 dona,
3466 5124 3591 5177 quae

2008 5201 2215 5253 circum
2261 5209 2310 5253 te
2346 5208 2499 5265 sunt,
2545 5200 2726 5254 Pater.
2808 5238 2822 5253 .
2902 5238 2917 5253 .
2997 5238 3012 5255 .
3093 5243 3106 5254 .
3187 5239 3203 5255 .
3284 5240 3297 5253 .
3378 5241 3392 5256 .
3478 5239 3496 5255 .
3571 5239 3586 5254 .

2016 5336 2026 5349 ι
2104 5333 2120 5347 0
2201 5332 2213 5349 Ι
2296 5333 2310 5348 0
2393 5331 2411 5347 0'
2488 5332 2502 5346 0
2586 5332 2600 5346 0
2699 5331 2713 5346 0
2812 5331 2827 5347 0
2906 5334 2920 5347 0
3000 5332 3015 5345 ο
3097 5334 3112 5348 0
3192 5335 3206 5350 0
3286 5335 3301 5349 0
3380 5336 3394 5350 0
3476 5338 3490 5352 0
3570 5336 3586 5351 0

2080 5384 2144 5437 Et
2181 5385 2421 5438 lirmabis
2475 5397 2570 5440 cos
2612 5382 2703 5452 qui
2741 5384 2875 5438 recti
2910 5398 3032 5437 cum
3079 5384 3228 5438 vulto
3282 5395 3372 5436 tuo
3432 5386 3585 5436 habi-

2012 5483 2147 5529 tant.
