4020 6210
423 300 536 366 969‘

1635 306 1731 364 DE
1757 307 2032 369 CORDIS
2067 309 2458 377 CUSTUDIA.

3555 328 3662 391 950

417 445 601 509 ξεσθαι
626 445 960 516 προσδοκῶν.
1007 445 1065 499 '0
1091 445 1145 498 δὲ
1175 444 1458 508 Ἀντώνιος
1479 447 1798 516 καθήμενος
1827 449 1883 500 ὲν
1915 448 1992 516 τῷ
2018 449 2061 500 Α
2088 461 2192 516 πης
2226 445 2369 515 βέλει
2415 445 2696 516 ἐϐέϐλητο,
2735 446 2832 498 καὶ
2870 445 3046 510 οὕτως
3092 445 3273 508 αὐτοῖς
3300 448 3408 510 τοῖς
3438 447 3656 514 δεσμοῖς

415 538 555 605 ὄρει,
577 539 835 608 φωνήσας
857 538 950 590 δύο
978 538 1262 607 μοναχοὺς,
1285 538 1484 606 συνέϐη
1506 539 1613 608 γὰρ
1632 541 1745 591 ἐκεῖ
1769 539 1992 603 τούτους

416 629 574 692 εἶναι,
614 631 808 700 ἦπειγε
856 630 1029 695 λέγων
1060 646 1072 660 ’
1109 629 1316 681 Λάϐετε
1353 629 1615 698 κεράμιον
1651 629 1863 693 ὓδατος,
1897 632 1992 682 καὶ

415 722 650 790 δράμετε
677 721 774 790 τὴν
801 721 885 772 ἐπ’
912 721 1182 787 Αἴγυπτον
1203 720 1321 772 ὁδόν
1341 737 1353 749 °
1384 720 1479 772 δύο
1523 720 1631 790 γὰρ
1657 722 1991 791 ἐρχομένων,

418 816 446 864 ὁ
472 813 572 882 μὲν
607 810 686 875 εἷς
717 815 847 882 ἄρτι
865 812 1273 882 τετελεύτηκεν,
1306 814 1334 865 6
1361 813 1417 865 δὲ
1448 813 1632 883 ἕτερος
1659 815 1859 882 μέλλει,
1897 815 1992 867 ἐὰν

432 906 505 975 μὴ
535 904 807 974 σπεύσητε
835 919 849 935 ο
905 903 1062 956 τοῦτο
1089 904 1197 975 γὰρ
1227 904 1504 975 εὐχομένω
1545 923 1634 974 μοι
1677 906 1996 974 πεφανέρω-

427 1013 536 1048 ται.
585 996 858 1058 Ἐλθόντες
889 996 1068 1049 τοίνυν
1095 997 1143 1049 οῖ
1170 998 1415 1066 μοναχοὶ,
1442 988 1604 1067 εὗρον
1637 996 1726 1049 τὸν
1763 997 1862 1066 μὲν
1884 999 1998 1050 κεί-

431 1108 588 1158 μενον
626 1091 840 1160 νεκρὸν,
874 1091 966 1143 καὶ
1023 1089 1260 1159 ἔθαψαν·
1294 1093 1384 1143 τὸν
1431 1091 1488 1143 δὲ
1540 1091 1725 1163 ἕτερον
1754 1092 1998 1160 ἀνεκτή-

428 1199 589 1234 σαντο
617 1182 694 1250 τῷ
725 1181 898 1240 ὕδατι.
929 1184 1024 1234 καὶ
1053 1183 1336 1250 ἀπήγαγον
1367 1182 1500 1250 πρδς
1525 1183 1613 1235 τδν
1634 1183 1863 1250 γέροντα
1883 1199 1895 1210 ·
1930 1179 1998 1252 ἦν

430 1276 533 1344 γὰρ
556 1273 615 1325 τὸ
641 1274 914 1343 διάστημα
964 1273 1174 1344 ἡμέρας
1219 1275 1354 1337 ὁδός.
1395 1275 1519 1327 Ἐὰν
1554 1276 1610 1327 δὲ
1642 1275 1854 1347 ζητήσῃ
1893 1293 1997 1337 τις,

425 1365 567 1417 aut:
603 1366 676 1436 μὴ
705 1366 809 1437 πρὸ
837 1366 930 1420 τοῦ
965 1367 1282 1435 τελευτῆσαι
1308 1366 1397 1420 τὸν
1431 1366 1589 1420 ἄλλον
1625 1368 1724 1420 οὐκ
1757 1368 1996 1438 εἴρηκεν,

426 1459 525 1510 ούκ
557 1458 735 1526 ὀρθῶς
758 1457 914 1511 τοῦτο
937 1459 1092 1527 ζητεῖ
1118 1456 1290 1525 λέγων
1315 1474 1328 1486 ·
1374 1460 1434 1510 ού
1474 1460 1580 1528 γὰρ
1609 1454 1676 1528 ἦν
1715 1459 1998 1511 ’Λντωνίου

426 1550 485 1601 τὸ
508 1549 600 1601 τοῦ
627 1550 854 1602 θανάτου
893 1553 1087 1620 κρῖμα,
1121 1549 1256 1602 ἀλλὰ
1299 1548 1400 1601 τοῦ.
1433 1549 1590 1613 Θεοῦ,
1623 1549 1716 1601 τοῦ
1755 1550 1848 1603 καὶ
1875 1543 2026 1618 περῖ

426 1640 635 1693 ἐκείνου
671 1641 974 1708 κρίναντος,
1014 1644 1106 1694 καὶ
1139 1643 1267 1712 περὶ
1299 1643 1489 1695 τούτου
1519 1643 1963 1714 ἀποκαλύψαντος
1984 1661 1999 1677 ο

2085 537 2382 607 συνείχετο,
2414 537 2553 615 ι’ὓστε
2609 539 2668 592 τὸ
2703 540 2902 609 ὑψηλὸν
2931 538 3088 593 τοῦτο
3130 542 3220 592 καὶ
3257 539 3396 591 θεῖον
3439 537 3658 608 παράγε

2085 629 2262 699 γελμα
2296 633 2375 693 τὸ,
2437 649 2454 678 ι
2507 632 2836 700 ’Ᾱγαπήσεις
2885 632 3089 703 Κύριον
3151 633 3241 684 τὸν
3288 632 3417 684 Θεὸν
3463 648 3556 682 σου
3600 630 3660 694 ἐξ

2087 722 2214 792 ὅλης
2279 722 2378 790 τῆς
2413 723 2642 795 καρδίας
2681 741 2796 788 σου,
2834 725 2929 776 καὶ
2963 726 3020 789 ὲξ
3047 725 3177 794 ὅλης
3205 725 3304 792 τῆς
3337 725 3512 796 ψυχῆς
3539 740 3656 787 σου,

2089 815 2184 865 καὶ
2234 812 2293 878 ἐξ
2339 815 2467 883 ὅλης
2530 815 2629 883 τῆς
2666 815 2903 879 διανοίας
2934 835 3046 880 σου,
3078 836 3093 866 ι
3135 817 3314 885 ἔργοις
3371 817 3463 869 ὑπ’
3493 814 3656 869 αὑτοῦ

2089 902 2452 971 πληροῦσθαι.
2524 903 2702 974 Ὅπερ
2781 906 2881 957 οὐκ
2951 906 3017 957 ἂν
3091 905 3266 969 ἄλλως
3327 905 3555 972 γένοιτο,
3621 903 3655 976 ἢ

2090 994 2196 1047 τῶν
2250 993 2495 1061 φυσικῶν
2549 995 2648 1063 τῆς
2715 994 2894 1066 ψυχῆς
2951 995 3256 1065 δυνάμεων,
3316 997 3452 1066 πρὸς
3511 995 3660 1049 οὐδὲν

2086 1086 2212 1140 ἄλλο
2249 1086 2357 1138 τῶν
2415 1088 2720 1153 παρόντων,
2783 1089 2865 1139 ὅτι
2919 1087 2994 1158 μὴ
3042 1090 3177 1155 πρὸς
3217 1089 3374 1158 μόνον
3414 1088 3503 1139 τὸν
3551 1092 3658 1158 Δη-

2091 1177 2352 1246 μιουργοῦ
2414 1177 2598 1241 πόθον,
2668 1178 3130 1243 συντεινομένων⁶
3171 1179 3372 1240 ταύτας
3409 1177 3525 1244 οὖν,
3564 1178 3663 1239 τὰς

2088 1270 2302 1337 νοερᾶς,
2340 1272 2507 1339 φημὶ,
2539 1270 2638 1339 τῆς
2689 1271 2866 1340 ψυχῆς
2902 1272 3203 1341 ἐνεργείας,
3253 1269 3426 1342 ταύτῃ
3449 1289 3530 1323 τοι
3571 1271 3684 1322 καὶ.

2091 1359 2448 1429 παρακαλῶν,
2484 1360 2697 1423 πολλοῖς
2731 1361 2963 1429 φοϐερὸς
2993 1358 3081 1430 ἦν,
3114 1363 3208 1414 καὶ
3261 1360 3549 1431 ἐπιτιμῶν,
3577 1380 3668 1414 πο·

2090 1449 2265 1514 θεινὺς
2314 1453 2408 1504 καὶ
2433 1453 2563 1520 ἡδὺς
2593 1454 2651 1505 ἐν
2678 1452 2866 1505 ἅπασι.
2901 1455 2996 1517 Τίς
3031 1453 3171 1506 οὕτω
3195 1455 3414 1516 καὶτοῖς
3454 1455 3668 1515 πολλοῖς

2091 1541 2293 1613 ὁμιλῶν
2322 1542 2778 1613 ὠφελιμώτατος;
2804 1545 2895 1596 καὶ
2937 1545 3035 1606 τὰς
3081 1546 3362 1608 αἰσθήσεις
3392 1545 3666 1610 συνάγειν,

2095 1636 2189 1687 καὶ
2217 1637 2347 1688 εἴσω
2404 1636 2844 1704 παρασκευάζειν
2879 1636 3052 1688 νεύειν
3090 1638 3458 1700 ἱκανιὶιτατοςς
3492 1637 3567 1699 ὡς
3611 1639 3668 1688 ἐν

431 1733 592 1801 μόνου
617 1733 674 1784 δὲ
711 1734 1004 1786 Ἀντωνίου
1051 1735 1209 1787 τοῦτο
1259 1735 1442 1804 θαῦμα
1465 1731 1553 1806 ἦν,
1581 1737 1660 1788 ὅτι
1697 1737 1754 1788 ὲν
1783 1735 1859 1804 τῷ
1886 1736 2001 1808 δρει
2027 1749 2069 1804 Β
2095 1727 2302 1780 πλείονι
2332 1727 2541 1799 γαλήνῃ
2564 1729 2688 1791 τοὺς
2725 1727 2837 1780 τῶν
2891 1729 2947 1779 ἐν
2982 1727 3130 1798 μέσῳ
3169 1727 3433 1798 θορύϐων,
3473 1728 3504 1798 ἢ
3547 1729 3671 1790 τοὺς

427 1826 748 1894 καθήμενος,
779 1822 889 1895 εἶχε
925 1827 1022 1894 τὴν
1046 1826 1270 1895 καρδίαν
1297 1828 1590 1894 νήφουσαν,
1614 1828 1704 1880 τὸν
1728 1828 1782 1880 δὲ
1802 1829 2003 1900 Κύριον

424 1917 735 1970 δεικνύοντα
769 1918 931 1970 αὐτὴν
996 1919 1063 1970 τὰ
1111 1919 1347 1988 μακράν.
1389 1920 1550 1990 Ὁρᾷς
1585 1920 1666 1973 ὅτι
1705 1921 1790 1972 διὰ
1821 1920 1880 1972 τὸ
1909 1925 2003 1982 νὴ·

425 2026 546 2076 φειν
572 2012 637 2079 τῇ
668 2010 867 2080 καρδὶα.
915 2011 941 2062 ὁ
1011 2011 1292 2074 Ἀντώνιος
1351 2012 1582 2081 θεόπτης
1634 2013 1726 2065 καὶ
1770 2013 2004 2084 προϐλε-

429 2117 545 2152 πων
575 2101 826 2166 ἐγένετο;
883 2100 978 2154 καὶ
1010 2102 1119 2171 γὰρ
1157 2103 1215 2155 ὲν
1250 2105 1314 2170 τῇ
1363 2103 1560 2172 καρδίᾳ
1591 2103 1948 2171 ἐμφανίζεται
1977 2106 2005 2156 6

434 2191 563 2247 Θεὸς
605 2193 682 2260 τῷ
712 2191 814 2254 νοῒ,
848 2193 970 2246 κατ’
997 2193 1172 2264 ἀρχὰς
1214 2195 1332 2263 μὲν,
1378 2191 1453 2255 ὥς
1491 2211 1654 2262 φησιν
1693 2194 1945 2264 Ἰωάννης
1976 2195 2002 2246 6

432 2283 530 2350 τῆς
559 2282 860 2351 Κλίμακος,
895 2283 968 2345 ὼς
996 2284 1272 2353 καθαίρων
1318 2281 1409 2336 τὸν
1471 2283 1706 2351 ἐραστήν
1739 2297 1754 2313 ο
1811 2284 2005 2335 ἔπειτα

434 2371 490 2424 δὲ
525 2373 619 2425 καὶ
647 2373 720 2436 ὡς
751 2372 866 2440 φῶς
897 2371 1232 2443 λαμπρύνων
1253 2373 1351 2424 τὸν
1374 2372 1499 2426 νοῦν
1546 2375 1640 2426 καὶ
1679 2371 1887 2443 θεοειδῆ
1917 2375 2007 2448 ὲρ-

423 2461 734 2534 ’γαζόμενος
760 2481 771 2494 ·
827 2466 918 2518 ἐπὶ
969 2467 1024 2518 δὲ
1063 2467 1187 2528 τοὺς
1216 2466 1448 2535 καθεξῆς
1482 2468 1510 2519 6
1549 2466 1704 2534 λόγος
1739 2467 2004 2537 χωρείτω.

448 2575 581 2629 Ἀπὸ
599 2576 702 2630 τοῦ
717 2577 863 2640 ,ϐίου
878 2575 982 2630 τοῦ
1014 2577 1185 2644 ἁγίου
1206 2576 1528 2633 Θεοδοσίου
1549 2577 1652 2633 τοῦ
1675 2577 2007 2648 κοινοὸιάρ-

1137 2666 1269 2715 χου.

509 2737 665 2792 Ούτω
693 2739 802 2810 γὰρ
829 2741 858 2792 ὁ
892 2739 1036 2804 θεῖος
1091 2741 1371 2804 Θεοδόσιος
1419 2740 1496 2812 τῷ
1527 2742 1719 2809 γλυκεῖ
1739 2745 1835 2813 τῆς
1866 2743 2005 2811 ἀγά-

435 2977 731 3034 monachos
783 2981 1034 3050 (contigit
1084 2981 1232 3036 enim
1285 2997 1379 3040 eos
1435 2983 1511 3038 ibi
1562 2983 1754 3054 esse),
1815 2949 2029 3055 aitque.

2095 1819 2153 1870 ἐν
2174 1819 2362 1888 ἐρήμῳ
2388 1817 2655 1870 διατελεῖν
2679 1835 2692 1848 ⁸
2746 1818 2838 1870 καὶ
2873 1819 2989 1887 ἃμα
3032 1819 3122 1870 τὸν
3164 1820 3324 1870 αὑτὸν
3365 1819 3504 1887 μετὰ
3536 1817 3672 1886 πλή-

2098 1907 2224 1972 θους
2250 1926 2310 1960 τε
2336 1906 2496 1974 εἶναι,
2531 1911 2626 1962 καὶ
2661 1909 2887 1974 ἰδιὰζειν
2915 1926 2929 1974 ;
2969 1910 3102 1961 Ἰδοὺ
3129 1910 3223 1961 καὶ
3253 1912 3279 1961 6
3311 1912 3483 1978 μέγας
3517 1907 3671 1972 οὗτος

2096 2000 2374 2062 Θεοδόσιος
2417 2001 2504 2053 διὰ
2555 2001 2614 2052 τὸ
2661 2003 2760 2063 τὰς
2808 2002 3082 2070 αἰσθήσεις
3120 2003 3375 2068 συνάγειν
3408 2003 3501 2052 καὶ
3543 2003 3673 2052 riam

2098 2093 2561 2162 είσάγειν,γέγονε
2581 2093 2680 2162 τῆς
2702 2093 2794 2145 τοῦ
2821 2095 3052 2146 Κτίστου
3069 2094 3410 2163 τετρωμένος
3430 2095 3666 2161 ἀγάπης.

2323 2267 2465 2325 Ἀπὸ
2489 2267 2750 2331 τοῧβίου
2783 2267 2888 2321 τοῦ
2917 2268 3088 2336 ἁγίου
3127 2269 3456 2335 Ἀρσενίου.

2178 2464 2288 2517 Καὶ
2320 2462 2480 2517 τούτο
2506 2462 2561 2515 δὲ
2588 2462 2666 2533 τῷ
2713 2461 3010 2532 θαυμαστῷ
3061 2459 3374 2530 πεφύλακτο
3417 2463 3676 2534 Ἀρσενίῳ

2105 2557 2184 2620 τὸ,
2217 2556 2355 2626 μήτε
2408 2555 2694 2626 ζητήματα
2751 2557 3000 2623 γραφικὰ
3046 2553 3374 2621 προτείνειν,
3403 2559 3538 2624 μήτε
3570 2555 3677 2624 μὴν

2106 2649 2480 2701 ἐπιστέλλεινο
2537 2648 2634 2716 οὐχ
2682 2646 2756 2708 ὡς
2808 2646 3080 2708 ἀδυνάτως
3125 2645 3322 2715 ἔχοντι,
3355 2646 3470 2708 πῶς
3523 2649 3674 2716 γάρς

2107 2735 2257 2810 ᾧτινι
2281 2742 2341 2793 τὸ
2372 2737 2428 2793 εὖ
2462 2741 2642 2807 λέγειν
2670 2738 2811 2789 οὕτω
2848 2737 3050 2807 ῥᾴδιον,
3077 2737 3150 2799 ὡς
3183 2737 3244 2790 τὸ
3278 2738 3465 2802 ἁπλῶς
3499 2739 3680 2804 λέγειν

2109 2994 2263 3042 ratus
2315 2998 2467 3058 erat,
2520 2990 2769 3059 adeoque
2832 2996 2984 3044 arcte
3042 2990 3376 3046 constrictus
3444 2991 3680 3046 vinculis

435 3070 580 3124 illis:
617 3070 714 3132 lle,
753 3072 984 3140 accipite
1036 3089 1131 3127 vas
1186 3087 1344 3141 aquae
1379 3081 1437 3129 et
1474 3075 1678 3129 currite
1716 3090 1812 3144 per
1855 3078 1996 3129 viam
2028 3070 2070 3129 C
2103 3079 2390 3134 Charilaus
2439 3082 2745 3144 tenebatur,
2799 3062 3115 3136 utsublime
3162 3082 3293 3134 illud
3327 3089 3381 3134 et
3431 3081 3679 3134 divinum

434 3176 554 3228 qua
595 3177 786 3216 versus
818 3161 1110 3233 «Egyplum
1143 3165 1318 3218 tendit
1357 3182 1371 3218 :
1407 3164 1638 3219 duorum
1695 3167 1838 3220 enim
1890 3167 1998 3220 huc

435 3250 763 3306 venientium
799 3269 942 3307 unus
978 3254 1139 3308 modo
1168 3255 1491 3325 exspiravit,
1515 3256 1654 3309 alter
1701 3271 1828 3311 vero
1876 3272 2000 3311 mox

425 3346 812 3414 exspiraturus
843 3359 949 3407 est,
984 3348 1088 3401 nisi
1151 3349 1478 3413 properetis.
1517 3349 1634 3403 Hoc
1661 3351 1806 3404 enim
1865 3349 1998 3403 mihi

433 3436 611 3490 oranti
639 3437 934 3492 revelatum
991 3448 1095 3493 est.
1127 3438 1372 3494 Profecti
1394 3454 1524 3509 ergo
1557 3441 1810 3494 monachi
1843 3457 1996 3510 repe-

437 3537 627 3583 rerunt
658 3530 730 3583 ita
777 3547 890 3584 rem
949 3531 1150 3586 habere
1216 3531 1296 3585 uti
1355 3538 1581 3585 sanctus
1633 3531 1889 3599 dixerat;
1947 3541 2000 3586 et

437 3629 708 3675 mortuum
739 3621 960 3691 quidem
1012 3623 1368 3692 sepelierunt,
1404 3622 1795 3678 moribundum
1873 3638 2001 3678 vero

436 3721 740 3769 recreatum
778 3729 918 3784 aqua
945 3714 1322 3784 perduxerunt
1351 3715 1419 3770 ad
1452 3729 1662 3770 senem.
1719 3715 1851 3770 Erat
1902 3731 2002 3770 au-

436 3815 540 3861 tem
573 3805 917 3862 intervallum
944 3808 1046 3862 vias
1079 3807 1180 3862 iter
1215 3807 1322 3863 diei
1350 3808 1536 3863 unius.
1559 3806 1617 3861 Si
1647 3815 1827 3862 autem
1853 3823 2004 3878 qua:-

435 3907 522 3951 rat
545 3898 692 3966 quis,
724 3913 895 3968 quare
925 3913 1034 3954 non
1063 3906 1358 3970 antequam
1395 3899 1538 3955 alius
1573 3899 1666 3954 ille
1697 3907 2002 3955 moreretur

437 3991 702 4045 Antonius
738 3990 1040 4046 subsidium
1073 3991 1303 4054 miserit,
1326 4007 1448 4062 quae
1473 3991 1764 4048 retulimus
1790 3991 2000 4058 dicens,

437 4081 880 4150 respondebitur,
920 4083 1194 4137 iucivilem
1243 4092 1298 4138 et
1326 4084 1682 4152 incongruam
1714 4085 2006 4138 banc,ex-

439 4171 746 4238 ceptionem
780 4184 926 4225 esse.
955 4169 1074 4226 Non
1101 4170 1247 4226 enim
1275 4171 1340 4226 ad
1371 4171 1671 4226 Antonium
1723 4171 2004 4250 spectabat

437 4263 504 4314 de
534 4262 635 4316 viri
666 4270 840 4318 morte
864 4262 1158 4333 judicium,
1196 4265 1289 4320 sed
1324 4266 1390 4320 ad
1425 4265 1595 4320 Deum
1630 4265 1722 4335 qui
1754 4274 1808 4319 et
1848 4264 2001 4318 illum

439 4355 768 4411 monachum
803 4357 884 4410 sic
915 4357 1054 4410 mori
1088 4357 1427 4423 decreverat,
1485 4337 1698 4412 et‘tam
1726 4357 1846 4426 ejus
1887 4357 2005 4410 abi-

442 4453 573 4506 tum,
600 4461 758 4514 quam
788 4448 922 4502 socii
955 4448 1258 4517 periculum
1301 4450 1542 4503 Antonio
1571 4447 1851 4504 revelavit.
1909 4447 2005 4501 Mi-

437 4538 684 4590 raculum
718 4539 821 4592 hoc
855 4539 957 4593 l‘uit
986 4540 1150 4594 unius
1183 4541 1394 4596 meritis
1421 4540 1798 4609 imputandum
1830 4539 2004 4593 Anto-

438 4627 536 4694 nii,
563 4630 654 4698 qui
679 4631 873 4706 sedens
901 4632 1091 4700 procul
1118 4633 1170 4685 in
1201 4639 1412 4696 monte,
1443 4631 1514 4686 ob
1535 4631 1717 4685 cordis
1742 4631 2004 4685 attentio-

437 4736 561 4774 nem
588 4736 712 4775 cum
742 4737 848 4790 qua
883 4724 1098 4788 orabat,
1138 4722 1336 4792 dignus
1357 4722 1409 4776 ei
1436 4722 1583 4776 visus
1609 4731 1692 4775 est
1719 4722 1804 4775 cui
1841 4722 2006 4774 mira-

437 4811 616 4865 biliter
645 4827 708 4865 ea
740 4811 1120 4868 manifestaret
1165 4829 1286 4883 quae
1312 4815 1364 4868 in
1398 4816 1520 4867 loco
1573 4822 1679 4868 tam
1711 4813 2006 4886 longinquo

437 4902 786 4968 gerebantur.
848 4901 928 4957 lbi
999 4903 1212 4958 scilicet
1288 4904 1344 4958 in
1414 4905 1576 4959 corde
1630 4903 1770 4959 Deus
1838 4904 2007 4958 luenti

436 5005 556 5047 sese
585 4993 798 5061 aperit;
833 4995 1102 5064 principio
1140 4994 1384 5064 quidem,
1418 5004 1476 5049 ut
1505 4997 1580 5049 ait
1605 4995 1842 5050 Joannes
1899 4994 2010 5048 Cli-

437 5098 647 5146 macus,
697 5084 782 5139 sui
833 5094 1130 5138 amatorem
1183 5100 1419 5156 purgans
1467 5093 1526 5138 ut
1569 5084 1757 5155 ignis;
1811 5083 2008 5138 deinde

439 5183 495 5226 ut
526 5177 615 5228 lux
645 5185 877 5230 mentem
911 5177 1249 5242 illuminans,
1291 5188 1338 5230 et
1374 5176 1698 5231 deifurmem
1734 5175 1996 5231 eﬂiciens.

439 5262 573 5318 llinc
614 5269 679 5319 ad
724 5268 1115 5337 consequentia
1149 5270 1404 5337 procedat
1434 5283 1639 5323 sermo.

679 5425 762 5479 F1:
792 5425 906 5482 Vita
941 5427 998 5483 S'.
1037 5427 1310 5483 Theodosii
1352 5432 1751 5486 coenobium/ue.

508 5539 596 5595 Sic
627 5541 843 5596 divinus
874 5542 1213 5596 Theudosius
1251 5544 1392 5599 dulci
1426 5548 1630 5603 amoris
1666 5551 1772 5602 tclu
1819 5549 2008 5602 tuluc-

510 5719 532 5749 ⁸
569 5717 616 5770 Μ
660 5719 754 5771 ιιι..
790 5734 857 5772 xn
915 5720 1000 5773 ‘57.

2104 3173 2420 3226 mandatum
2469 3191 2482 3227 :
2541 3191 2561 3224 ι
2593 3172 2792 3242 Diliges
2841 3173 3129 3226 Dominum
3183 3174 3348 3227 Deum
3405 3183 3560 3225 tuum
3613 3187 3682 3226 ex

2103 3272 2217 3318 tuta
2265 3267 2445 3318 anima
2472 3275 2584 3328 tua,
2611 3274 2665 3319 et
2692 3281 2755 3319 ex
2789 3265 3046 3318 omnibus
3093 3267 3301 3319 viribus
3339 3265 3466 3329 luis,
3514 3273 3568 3317 et
3615 3280 3677 3318 ex

2102 3355 2250 3409 omni
2291 3363 2471 3410 mente
2498 3366 2586 3408 tua
2615 3355 2657 3417 ⁸,
2694 3373 2712 3405 ι
2777 3371 2943 3424 opere
3001 3357 3068 3408 ab
3117 3356 3234 3424 ipso
3287 3357 3676 3424 compleret".

2106 3447 2260 3512 Quod
2287 3447 2392 3501 alia
2417 3447 2528 3500 lieri
2570 3446 2783 3499 ratione
2817 3462 2924 3500 non
2960 3449 3158 3516 potuit.
3198 3448 3302 3500 nisi
3338 3447 3680 3500 naturalibus

2106 3539 2301 3594 anima:
2344 3539 2600 3608 potentiis
2630 3539 2696 3592 ad
2744 3539 2879 3594 nihil
2922 3541 3066 3592 aliud
3103 3542 3454 3606 pra-sontium
3510 3555 3675 3605 quam

2065 3631 2170 3709 [ad
2219 3629 2394 3683 solum
2449 3629 2725 3683 Creatoris
2775 3629 3108 3684 desiderium
3166 3628 3418 3682 intentis.
3474 3629 3681 3683 Auitum

2103 3723 2394 3793 potentias,
2418 3723 2777 3777 intellectivas
2833 3723 2921 3777 hic
2952 3736 3088 3776 voco
3122 3723 3320 3776 animae
3367 3721 3678 3776 fatrtmates.

2105 3809 2241 3865 Hinc
2267 3819 2322 3865 et
2347 3810 2645 3866 adhortans
2665 3811 2891 3874 multos,
2915 3818 2970 3864 et
3015 3824 3216 3864 rursus
3247 3809 3677 3878 reprehendens,

2103 3918 2260 3973 atque
2283 3903 2496 3958 cunctis
2529 3903 2826 3957 salubriter
2874 3911 2998 3956 erat
3043 3901 3310 3955 terribilis
3348 3917 3365 3969 ;
3427 3901 3680 3956 amabilis

2103 4007 2283 4052 autem
2311 4005 2368 4051 et
2393 3995 2580 4051 suavis
2609 3995 2662 4048 in
2708 3995 2990 4050 omnibus.
3023 3992 3157 4059 Quis
3213 4002 3272 4047 ut
3297 3993 3394 4048 ille
3457 4005 3684 4046 conver-

2106 4089 2350 4143 sationes
2381 4102 2505 4142 cum
2540 4086 2726 4141 multis
2778 4088 3124 4155 promiscuas
3181 4086 3472 4139 utilissime
3510 4083 3680 4137 liabe-

2106 4178 2238 4233 bat?
2267 4177 2399 4244 Quis
2427 4179 2554 4233 item
2601 4187 2661 4230 ut
2694 4177 2785 4231 ille
2826 4177 2895 4231 ad
2958 4191 3160 4231 sensus
3215 4176 3552 4245 colligendos
3580 4215 3598 4238 ,
3629 4182 3683 4226 et

2109 4270 2174 4324 ad
2201 4271 2396 4324 horum
2421 4269 2842 4324 convertendam
2878 4269 3037 4322 intra.
3075 4269 3266 4320 intima
3301 4270 3386 4322 sui
3420 4267 3682 4320 attentio-

2109 4377 2230 4416 nem
2256 4361 2490 4416 idoneus
2518 4375 2615 4412 usu
2643 4361 2816 4412 multo
2850 4371 2970 4412 erat
2993 4358 3272 4411 maxime?
3323 4360 3395 4410 ita
3434 4366 3493 4411 ut
3534 4368 3683 4416 tran-

2111 4452 2353 4524 quilliori
2385 4453 2570 4520 quiete
2605 4450 2804 4504 mentis
2835 4450 2888 4503 in
2919 4452 3150 4518 strepitu
3211 4451 3677 4502 tumultuosorum

2111 4559 2235 4598 cum
2263 4543 2516 4612 plurimis
2539 4555 2957 4608 congressuum,
3012 4554 3175 4607 quam
3219 4540 3398 4608 quivis
3454 4542 3592 4593 alter
3629 4544 3680 4593 ιρι

2111 4634 2494 4690 seductis-sima
2555 4631 2847 4684 solitudine
2896 4631 3193 4693 frueretur,
3249 4631 3526 4698 nihiloque
3588 4633 3686 4684 mi-

2112 4727 2302 4781 nusiu
2325 4739 2596 4779 concursu
2629 4725 2924 4779 multorum
2972 4723 3457 4784 solitariusesset,
3516 4739 3682 4791 quam

2108 4817 2162 4870 in
2212 4817 2420 4885 privato
2477 4828 2747 4869 secesssu.
2784 4812 2861 4866 En
2898 4821 2956 4866 ut
2985 4813 3064 4864 vir
3097 4813 3183 4866 hic
3236 4813 3461 4880 Magnus
3505 4813 3682 4867 'l‘lteu.

2108 4908 2317 4971 dosius,
2352 4921 2417 4959 eo
2445 4905 2590 4975 quod
2617 4918 2812 4957 sensus
2841 4905 3116 4972 colligere,
3155 4905 3408 4972 iulruque
3445 4905 3496 4956 in
3529 4920 3682 4958 meu-

2109 5002 2182 5053 tis
2211 5003 2368 5068 adyta
2391 4978 2558 5050 tutam
2585 4998 2943 5048 attentionem
2996 5005 3321 5049 convertere
3373 4998 3682 5048 assuetudi-

2110 5091 2363 5158 nc-longa
2406 5087 2708 5145 didicisset.
2773 5088 2839 5139 ad
2889 5102 3014 5140 eum
3051 5087 3276 5155 perfecti
3326 5086 3418 5140 Dei
3479 5089 3684 5141 amoris

2108 5181 2335 5251 gradum
2359 5177 2624 5242 ascendit,
2657 5179 2708 5229 in
2737 5191 2847 5244 quo
2875 5191 2999 5230 vere
3035 5177 3142 5231 dici
3194 5186 3376 5247 posset
3430 5176 3684 5228 vulnera-

2113 5284 2202 5326 tus
2229 5270 2518 5325 cltaritate.

2614 5359 2694 5412 Ea:
2735 5357 2853 5412 Vim
2880 5358 2936 5413 S.
2967 5360 3198 5413 Arsenit.

2187 5456 2268 5510 Ab
2299 5454 2608 5509 admirabili
2667 5467 2794 5503 vero
2830 5451 3061 5503 Arsenio
3100 5452 3201 5502 lioc
3263 5445 3680 5513 observabatur,

2121 5557 2178 5600 ut
2225 5561 2400 5614 neque
2454 5542 2907 5610 interrogationes
2961 5541 3166 5606 scripto
3217 5539 3280 5590 ad
3326 5551 3681 5608 quemquam,
