3996 6202
587 338 703 404 975
1868 329 2226 396 MAXIMUS
2274 339 2286 393 l
2318 335 2694 396 L.\.\'UDES.
3667 349 3742 412 ,ηδ

691 459 776 514 17.
832 457 950 513 Vita
978 455 1190 511 Arsenii
1215 455 1532 525 patriarcha:
1560 453 1720 509 CPol.
1751 470 1778 508 a
1805 454 1922 511 Nic.
1954 455 2255 520 Conlneno,
2279 472 2400 526 pag.
2441 459 2528 512 7-l.

683 547 769 601 18.
812 547 938 600 Tria
969 545 1353 615 epigrammata
1389 543 1646 597 historica
1681 544 1735 596 in
1792 543 2042 608 templum
2090 543 2150 598 S.
2184 545 2409 598 Δηώ-ιω
2455 545 2800 600 confessoris
2836 547 3138 614 imaginum
3200 560 3228 599 a
3263 545 3521 602 Theodora
3554 550 3741 624 Augusta

620 638 1010 700 instauratum,
1033 647 1156 702 qua:
1190 631 1378 686 Gra‘ce
1405 630 1578 685 edidit
1605 631 1838 702 Cangius
1857 635 1920 686 ad
1957 631 2248 698 Zonaram,
2277 649 2331 702 p.
2363 633 2433 686 55
2454 648 2595 702 seq.,
2622 641 2676 686 et
2710 633 3020 687 emendavit
3045 631 3101 687 εἰ.
3139 632 3384 688 Boirinus
3405 639 3534 692 notis
3554 640 3611 693 tul
3633 641 3745 696 Nice-

600 731 830 796 phorum
863 723 1188 790 Gregoram,
1219 736 1274 790 p.
1302 720 1429 774 851.
1463 719 1536 775 De
1567 721 1769 790 templo
1799 722 1892 775 illo
1919 722 2059 776 idem
2088 721 2351 789 Cangius,
2385 720 2483 776 lib.
2515 734 2563 772 IV
2596 719 2790 774 CPolis
2826 718 3171 782 Christiane,
3205 737 3256 788 p.
3294 722 3412 775 112.

675 813 763 865 19.
798 810 960 863 Aliud
1001 812 1052 862 in
1079 809 1329 874 lenrplum
1366 806 1470 862 SS.
1502 808 1768 862 Marciani
1793 819 1842 862 et
1881 809 2153 879 Martyrii.
2191 808 2436 879 Cangius
2468 808 2534 862 ad
2575 807 2867 872 Zonaram,
2915 822 3036 878 pag.
3079 808 3167 863 44.
3211 807 3417 880 (Fabia)
3447 807 3621 867 Versus
3647 817 3742 870 varii

599 913 650 956 et
681 898 1113 971 prceatiuucula,
1143 897 1326 951 Paris.
1363 897 1415 950 in
1463 898 1598 952 bibl.
1628 899 1776 964 publ.
1803 900 1927 952 cod.
1955 899 2115 962 1211,
2148 913 2203 952 η.
2233 897 2288 950 6.
2311 923 2380 935 -
2427 895 2642 949 Monac.
2676 897 2729 950 in
2756 895 2882 950 cod.
2944 895 3137 948 Bavar.
3170 895 3259 950 49.
3294 897 3500 962 Versus,
3553 903 3745 969 Itymnum

602 991 869 1044 habentes
897 987 1125 1043 secundi
1158 984 1463 1040 adventus:
1499 984 1557 1039 In
1593 985 1916 1052 Christum;
1957 985 2011 1039 in
2064 986 2417 1055 supplicium,
2457 993 2513 1038 et
2544 984 2596 1037 in
2629 999 2825 1039 omnes
2853 983 2999 1047 SS.;
3030 994 3144 1038 tum
3179 1000 3366 1040 versus
3397 985 3481 1051 2|,
3522 988 3567 1040 in
3607 990 3745 1046 buma-

600 1094 729 1130 uum
765 1077 1056 1145 quemdam
1092 1075 1329 1128 nobilem
1361 1074 1625 1144 eiegiaci;
1653 1074 1778 1129 dein
1812 1089 2010 1129 versus
2048 1075 2101 1128 in
2145 1086 2390 1133 crucem,
2433 1086 2598 1140 quam
2635 1071 2780 1135 tulit,
2820 1080 2876 1125 et
2918 1072 2969 1125 in
2995 1072 3308 1125 relisionem
3343 1082 3491 1142 atque
3518 1073 3564 1126 in
3589 1074 3635 1129 S.
3674 1077 3746 1130 lla-

599 1167 772 1230 riam;
802 1180 964 1234 porro
991 1178 1184 1217 versus
1211 1161 1693 1230 heroico-elegiaci
1736 1161 1788 1214 in
1819 1169 2036 1229 portam
2073 1158 2422 1222 monasterii;
2469 1158 2560 1211 alii
2593 1173 2817 1223 versus;
2857 1158 3095 1228 denique
3140 1174 3330 1213 versus
3368 1173 3459 1214 sex
3508 1161 3553 1213 in
3583 1164 3746 1217 Annuu-

599 1252 883 1306 tiationcm
911 1247 1488 1318 angelicam,totidem
1514 1245 1568 1300 in
1608 1248 2086 1300 ltesurrectionem
2123 1255 2179 1300 et
2229 1255 2465 1315 quatuor
2494 1246 2548 1300 in
2581 1245 2640 1299 S.
2695 1245 3154 1300 Constantinum.
3206 1245 3439 1300 Plurima
3496 1249 3574 1301 illa
3617 1252 3748 1304 breril

597 1343 842 1393 carmina
881 1337 978 1391 Gr.
1014 1336 1189 1389 edidit
1214 1335 1316 1389 cel.
1347 1333 1537 1388 llardt.
1573 1334 1628 1386 in
1666 1333 1864 1387 Aretini
1892 1331 2207 1402 Beytragen,
2247 1342 2353 1389 etc.
2395 1348 2447 1388 a.
2483 1333 2648 1396 1805,
2705 1343 2849 1404 part.
2885 1349 2961 1399 vr,
3003 1349 3056 1403 p.
3083 1334 3174 1401 58,
3202 1335 3270 1387 15
3298 1350 3406 1403 seq.
3441 1363 3505 1372 ——
3534 1335 3696 1389 Manili
3714 1339 3750 1391 in

599 1429 724 1482 cod.
755 1427 902 1495 regio
931 1423 1020 1486 72,
1045 1423 1186 1477 Laus
1215 1421 1494 1476 Ptolemzei
1527 1420 1853 1491 geographi,
1879 1434 2073 1474 versus
2099 1419 2302 1474 heroici
2332 1418 2427 1483 17,
2461 1435 2602 1488 quos
2641 1433 2696 1475 et
2725 1436 2843 1490 seq.
2875 1421 3166 1476 tristicbou
3195 1425 3404 1474 hexam.
3434 1423 3481 1474 in
3510 1424 3661 1477 eunld.
3683 1423 3749 1478 Gr.

599 1514 896 1582 publicavit
932 1511 1108 1566 lriart.
1168 1511 1221 1564 in
1254 1510 1371 1565 Cal.
1403 1512 1563 1563 codd.
1625 1510 1806 1566 Graec.
1844 1509 2044 1562 Matrit.
2099 1521 2152 1575 p.
2183 1506 2310 1574 265,
2358 1509 2486 1562 ibid.
2521 1524 2691 1562 carm.
2745 1510 2798 1563 in
2833 1511 3092 1574 nobilem,
3131 1520 3238 1565 etc.
3270 1509 3538 1565 Florentia:
3574 1513 3619 1566 in
3663 1517 3749 1567 cod.

607 1603 868 1654 Lauri-nt.
903 1601 956 1661 7,
985 1615 1039 1652 η.
1077 1597 1162 1662 15,
1197 1597 1333 1665 plut.
1355 1598 1441 1650 55.
1473 1595 1771 1650 Sententia:
1799 1605 1853 1649 et
1879 1595 2185 1663 epigramma

2175 1604 2271 1646 lata
2295 1603 2648 1648 externorum
2698 1595 3030 1665 sapientum,
3071 1611 3136 1651 ex
3181 1597 3247 1652 iis
3291 1612 3408 1664 quae
3445 1598 3639 1653 collecta
3664 1610 3753 1654 sunt

597 1706 625 1741 a
659 1688 800 1741 Max.
849 1687 1114 1746 l’lanude.
1148 1702 1271 1738 cum
1299 1685 1527 1738 selioliis
1561 1695 1610 1736 et
1640 1684 1841 1752 glossis
1869 1683 2213 1737 interlinear.
2252 1683 2318 1734 de
2347 1695 2456 1749 quo
2488 1681 2689 1736 multus
2721 1679 3065 1771 est’Bandiu.
3105 1684 3142 1738 l.
3179 1697 3231 1738 c.
3262 1683 3327 1749 ll,
3362 1700 3413 1754 p.
3445 1685 3632 1738 256.-
3657 1689 3751 1740 Ibid.

597 1791 656 1845 p.
689 1775 794 1828 568
827 1789 942 1842 seq.
982 1773 1388 1842 Epigrammata
1447 1773 1554 1823 duo
1600 1771 1851 1834 moralia,
1886 1784 1941 1820 n.
1987 1767 2040 1832 7,
2083 1767 2208 1820 cod.
2237 1767 2329 1833 24,
2357 1770 2493 1837 plut.
2529 1769 2632 1834 57;
2684 1798 2758 1809 —
2785 1767 2839 1824 ri.
2874 1771 2960 1836 14,
2993 1771 3378 1827 TetraStichon
3413 1775 3674 1843 elegiacum
3717 1775 3752 1829 in

599 1876 922 1925 novercam;
968 1889 1026 1898 —
1050 1877 1103 1911 u.
1145 1859 1231 1923 15,
1266 1857 1392 1910 Vita
1424 1859 1482 1912 ὃ.
1516 1857 1700 1910 Maria:
1725 1855 2082 1926 :Egyptiame,
2116 1855 2365 1909 versibus
2392 1856 2628 1912 heroicis
2685 1857 2755 1910 20
2783 1859 3117 1928 clruscripta.
3146 1889 3216 1898 —
3266 1877 3318 1913 n.
3363 1861 3425 1916 16
3453 1870 3501 1914 et
3529 1861 3604 1924 17,
3627 1863 3752 1929 ejusd.

595 1949 738 2003 forte
775 1947 1036 2002 l'lanudis
1068 1946 1177 1998 duo
1211 1944 1614 2014 Epigrammata
1649 1944 1883 1996 iambica
1933 1941 2330 2010 anepigrapha,
2380 1943 2616 1996 alterum
2650 1945 2901 1999 versibus
2936 1947 3024 2009 12,
3060 1950 3296 2001 alterum
3350 1949 3576 2002 versibus
3604 1949 3672 2001 15.
3705 1977 3753 1990 -

600 2037 800 2092 Versus
834 2035 1040 2088 heroici
1069 2034 1126 2087 in
1162 2032 1563 2101 Geographiam
1596 2029 1894 2094 Ptolemaai,
1920 2029 1972 2082 iu
2009 2029 2131 2083 cod.
2163 2029 2390 2082 Coislin.
2427 2030 2555 2084 555.
2589 2030 2656 2085 V.
2691 2031 2986 2086 Moutlauc.
3022 2032 3166 2085 Bibl.
3223 2032 3384 2089 Coisl.
3421 2050 3471 2102 p.
3499 2035 3606 2090 520.
3636 2034 3754 2088 Iidem

601 2135 656 2179 et
685 2126 776 2177 alii
809 2125 863 2176 in
892 2123 1020 2177 cod.
1048 2120 1260 2173 Monac.
1295 2121 1488 2172 Bavar.
1529 2117 1591 2172 Ο.
1621 2116 1681 2169 V.
1715 2115 1884 2170 llardt
1917 2117 1954 2169 l.
1992 2131 2043 2170 c.
2073 2131 2124 2169 a.
2161 2114 2319 2180 1804,
2360 2127 2498 2183 part.
2531 2118 2585 2179 6,
2622 2132 2676 2186 p.
2713 2119 2805 2180 29,
2855 2121 2944 2172 ubi
2984 2120 3234 2182 adnotat,
3271 2123 3385 2175 illos
3436 2137 3601 2194 versus
3643 2122 3742 2175 (also

595 2212 820 2266 attribui
877 2208 1108 2262 Manueli
1148 2206 1526 2274 Moschopulo,
1563 2214 1619 2260 et
1652 2205 1748 2260 Gr.
1782 2203 2054 2286 prodi-isse
2105 2203 2160 2256 in
2193 2204 2372 2259 ltiart.
2401 2205 2522 2260 Cat.
2557 2206 2617 2274 (l.
2645 2210 2743 2274 c.),
2798 2218 2908 2262 tres
2931 2207 3135 2261 autem
3173 2210 3393 2266 ultimos
3421 2211 3565 2264 etiam
3612 2210 3657 2264 in
3691 2208 3752 2263 αι.

595 2297 916 2354 Basileensi.
953 2293 1161 2366 (Uarl.)

662 2380 754 2441 20.
781 2382 1073 2437 Enarratio
1097 2383 1162 2434 de.
1195 2380 1486 2434 Dominicis
1512 2379 1825 2432 turmalibus
1855 2377 2266 2446 Hierosolymis.
2299 2378 2547 2434 Meminit
2573 2378 2856 2436 Gesnerus
2883 2381 2937 2435 in
2962 2383 3096 2438 bibl.

663 2500 753 2553 21.
785 2497 1042 2565 Episton
1075 2495 1175 2549 122
1220 2510 1350 2548 mss.
1378 2497 1430 2548 in
1463 2494 1592 2548 bibl.
1620 2494 1891 2560 Caesarea,
1912 2509 2017 2546 uua
2040 2508 2164 2547 cum
2193 2491 2312 2560 ejus
2368 2493 2608 2549 homiliis
2643 2508 2805 2563 supra
2843 2498 3163 2552 memoratis
3195 2497 3250 2551 in
3281 2496 3488 2554 Petrum
3511 2508 3559 2552 et
3582 2496 3753 2551 Paulum

594 2589 900 2660 apostolos,
943 2595 1352 2653 martyrcmque
1385 2581 1724 2636 Diomedem.
1765 2581 1897 2636 Vide
1928 2581 2279 2635 Lambecium
2310 2577 2404 2642 lV,
2440 2596 2492 2649 p.
2536 2579 2642 2647 56;
2679 2579 2988 2637 Nessellum
3045 2584 3131 2648 IV,
3173 2602 3228 2651 p.
3280 2586 3398 2640 158.
3429 2585 3617 2657 (Belin)
3641 2583 3755 2637 Laut-

593 2680 713 2733 bec.
746 2673 834 2743 ιν,
869 2690 922 2744 p.
956 2673 1080 2737 122,
1117 2671 1241 2737 12.1,
1270 2670 1359 2725 ed.
1392 2668 1602 2723 Kollar.
1637 2669 1726 2722 ubi
1761 2669 1887 2723 coal.
1911 2667 2224 2738 quemdam,
2253 2667 2345 2736 qui
2381 2667 2433 2718 in
2469 2667 2601 2720 bibl.
2627 2665 2862 2722 Vindob.
2888 2672 3227 2737 custoditur,
3261 2675 3461 2738 laudat,
3494 2676 3602 2727 etin
3630 2681 3754 2724 nota:

599 2784 618 2818 ι
662 2765 868 2827 Ριὶιιιη,
896 2763 1094 2830 inquit,
1121 2761 1334 2812 illarum
1363 2767 1584 2811 centum
1615 2757 1806 2824 viginti
1840 2755 2076 2810 duarum
2107 2754 2474 2823 Epistolarum
2517 2755 2725 2825 scripta
2749 2764 2834 2810 est
2875 2757 2944 2810 ad
2979 2759 3112 2827 imp.
3142 2757 3408 2814 Joannem
3445 2758 3755 2827 Palteologuut,

595 2857 729 2923 imp.
757 2849 1057 2906 Andronici
1087 2847 1334 2902 Juuioris
1358 2849 1549 2905 lilium,
1586 2845 1867 2915 quicmpit
1900 2845 2174 2914 imperare
2207 2857 2337 2897 ann.
2384 2842 2543 2908 1517,
2579 2851 2632 2896 et
2663 2857 2794 2897 ann.
2837 2843 2978 2900 1584
3040 2848 3220 2914 obiit;
3271 2851 3498 2904 secunda
3525 2855 3675 2900 autem
3709 2845 3755 2896 ad

597 2941 920 3000 Manuclem,
953 2941 1174 2991 lratreul
1203 2932 1741 2990 memoratiJoaunis
1774 2941 1908 2986 natu
1956 2931 2248 2986 minorem.
2287 2949 2306 2983 ι
2341 2931 2509 2985 —ld.
2543 2935 2595 2984 iu
2618 2932 2724 2985 vol.
2756 2930 2869 2998 Vll,
2903 2949 2958 3002 p.
2988 2935 3116 2999 524,
3150 2952 3213 2990 n.
3249 2938 3300 3003 5,
3335 2940 3452 2992 cod.
3489 2935 3596 2999 125,
3621 2935 3757 3003 inquo

594 3037 775 3085 exstat
806 3025 1066 3080 l’lauutlis
1100 3022 1365 3094 Epistula,
1395 3021 1554 3090 cujus
1589 3020 1918 3091 principium
1951 3029 2071 3074 est:
2122 3019 2172 3073 Ἐ

2262 3035 2368 3088 μην
2399 3017 2529 3070 ποτὲ
2570 3019 3017 3084 καταδικασθείς.
3055 3021 3143 3090 (V.
3180 3041 3240 3078 n.
3269 3025 3383 3092 55)
3414 3055 3478 3068 —
3527 3024 3756 3079 Eleuchnm
3837 3068 3839 3075 ,

595 3135 644 3174 s.
672 3118 909 3172 Iudicem
947 3114 1314 3182 Epistolarum
1343 3109 1629 3174 Planudts,
1656 3120 1878 3164 centum
1905 3116 1961 3164 et
1991 3109 2204 3178 viginti,
2237 3109 2316 3161 uti
2356 3108 2410 3160 in
2438 3108 2628 3161 codice
2654 3107 2907 3163 Cazsareo
2929 3112 3244 3173 exhibetur,
3288 3115 3512 3169 Uorville
3533 3113 3579 3168 in
3604 3111 3756 3166 Miscet-

591 3211 702 3262 lan.
739 3208 1014 3259 observat.
1044 3202 1098 3255 iu
1123 3213 1398 3266 anetores,
1431 3211 1566 3267 etc.,
1601 3200 1709 3256 vel.
1744 3198 1810 3253 ll.
1845 3209 1979 3253 tom.
2008 3199 2099 3264 lll,
2126 3196 2354 3251 Amstel.
2381 3195 2542 3258 1755,
2591 3196 2648 3260 8,
2686 3210 2743 3265 p.
2774 3196 2880 3250 448
2913 3213 3032 3270 seq.
3088 3201 3288 3267 edidit,
3320 3215 3369 3256 et
3401 3218 3451 3272 p.
3483 3203 3574 3256 uti
3599 3216 3690 3268 seq.
3712 3214 3755 3251 et

598 3297 689 3349 illo
715 3294 841 3348 cod.
881 3292 1168 3362 epistolam
1201 3290 1445 3359 quintam
1493 3297 1546 3343 et
1590 3287 1978 3358 octogesiutalu
2021 3286 2282 3340 Plauudis
2315 3283 2384 3336 ad
2427 3282 2728 3338 Manuelem
2779 3285 2992 3351 Pbilen,
3027 3288 3219 3342 Graece
3257 3305 3382 3344 eum
3418 3291 3526 3344 Lat.
3569 3289 3756 3342 versione

599 3380 890 3450 evulgavit.
923 3408 992 3418 —
1026 3377 1262 3438 Mouaci,
1293 3377 1345 3429 in
1375 3375 1497 3430 cod.
1531 3374 1724 3436 Bavar.
1760 3376 1850 3441 50,
1882 3383 2013 3430 sunt
2036 3375 2138 3428 118
2169 3373 2412 3443 CpiSlOIiB
2437 3373 2503 3425 ad
2543 3373 2830 3428 diversos:
2864 3376 2960 3430 sed
2990 3376 3036 3430 si
3065 3391 3259 3432 versus
3276 3395 3321 3432 s.
3342 3383 3566 3432 carmina
3587 3379 3754 3436 inserta.

592 3481 646 3524 et
670 3487 697 3521 a
730 3484 816 3522 me
849 3466 915 3519 ad
946 3481 1000 3519 n.
1037 3465 1100 3518 10
1135 3465 1325 3527 relata,
1357 3464 1520 3516 etiam
1555 3463 1801 3532 epistola:
1837 3463 2120 3523 habentur,
2156 3460 2256 3513 122
2293 3460 2533 3530 epistola:
2567 3463 2847 3516 numerari
2891 3475 3140 3532 possunt.
3182 3467 3518 3536 Singularium
3547 3480 3650 3520 vero
3675 3467 3754 3530 epi-

595 3560 858 3612 stolatum
894 3553 1109 3606 iuiziunt
1149 3560 1202 3604 et
1234 3552 1416 3613 linem,
1450 3562 1500 3604 et
1536 3552 1754 3603 nomina
1784 3565 1998 3616 eorum,
2024 3551 2089 3601 ad
2133 3563 2274 3616 quos
2301 3552 2518 3616 scripta:
2545 3557 2692 3613 sunt,
2726 3551 2830 3602 nisi
2862 3566 3058 3605 nomen
3091 3566 3320 3607 exesum
3353 3564 3454 3619 est,
3488 3553 3674 3607 uberius
3702 3567 3756 3602 rc-

596 3655 777 3715 posmt
815 3641 1005 3702 llardl,
1041 3640 1094 3692 iu
1119 3638 1323 3692 Aretini
1357 3636 1676 3706 Beytragen,
1710 3645 1844 3699 etc.,
1874 3651 2004 3688 anu.
2041 3633 2201 3697 1805,
2231 3643 2372 3703 part.
2410 3650 2484 3689 vr.
2516 3651 2570 3702 p.
2595 3635 2782 3689 27-45.
2823 3665 2894 3676 ——
2930 3638 3130 3691 Matriti
3164 3640 3221 3694 in
3257 3642 3376 3695 cod.
3423 3641 3545 3711 Reg.
3582 3640 3654 3703 72,
3690 3636 3756 3690 111

596 3747 722 3800 seq.
761 3731 1010 3782 Ulldt'cml
1044 3723 1305 3778 Planudis
1345 3725 1608 3793 epistolae,
1641 3739 1778 3792 quas
1805 3735 2049 3778 recenset
2084 3721 2278 3778 lriarte
2313 3725 2368 3777 iu
2396 3726 2516 3778 Eat.
2551 3725 2716 3780 codd.
2751 3724 2847 3779 Gr.
2895 3727 3100 3781 Matrit.
3137 3744 3194 3798 p.
3230 3731 3358 3784 260.
3391 3761 3456 3768 —
3501 3731 3687 3783 Taurini
3721 3730 3754 3778 iu

591 3819 723 3873 bibl.
756 3833 868 3886 reg.
898 3816 1022 3868 cod.
1061 3813 1165 3866 551
1197 3812 1384 3881 viginti
1422 3813 1681 3864 l’lanudte
1709 3811 1981 3880 epistolae.
2031 3808 2094 3862 V.
2123 3811 2245 3864 Cat.
2288 3812 2449 3863 codd.
2483 3812 2576 3865 Gr.
2614 3811 2785 3865 Taur.
2815 3829 2867 3882 p.
2908 3813 3034 3868 482.
3060 3843 3127 3854 —
3156 3815 3400 3871 Florent.
3435 3822 3482 3870 iu
3509 3820 3613 3872 cod.
3660 3814 3755 3867 bibl.

595 3908 855 3960 Laurent.
895 3905 978 3965 16,
1019 3919 1074 3975 ιιτ
1112 3899 1199 3965 16,
1229 3905 1366 3967 plut.
1395 3898 1485 3963 52,
1513 3895 1576 3952 es
1611 3899 1872 3952 Planuda:
1900 3901 2173 3968 eplleIISl

2178 3910 2458 3965 excerpta;
2503 3904 2553 3951 in
2581 3901 2703 3952 eod.
2734 3900 2792 3965 5,
2841 3917 2895 3954 u.
2929 3901 3022 3968 22,
3061 3903 3200 3972 plut.
3225 3905 3316 3971 56,
3360 3909 3585 3975 epistola:
3614 3904 3686 3967 25,
3722 3919 3756 3952 ιι.

590 4013 620 4050 a
656 4011 798 4049 nona
831 4008 1007 4060 usque
1039 3990 1106 4043 ad
1147 3990 1476 4042 tricesimam
1509 3987 1774 4057 primam;
1804 3989 1854 4040 in
1914 3989 2040 4044 cod.
2065 3988 2156 4053 22,
2191 4004 2247 4039 u.
2291 3987 2343 4051 1,
2369 3990 2503 4054 plut.
2543 3986 2632 4050 ini,
2669 3987 2723 4039 in
2759 4003 2870 4056 quo
2917 3999 3049 4043 sunt
3083 3991 3176 4044 121
3211 3998 3454 4061 epistola.-
3505 3991 3558 4046 V.
3590 3991 3756 4043 Bandin.

592 4087 710 4138 Eat.
743 4085 903 4135 codd.
943 4079 1036 4133 Gr.
1075 4077 1238 4130 Laur.
1266 4075 1332 4138 11,
1360 4089 1412 4144 p.
1455 4074 1577 4139 M2,
1609 4074 1737 4138 299,
1766 4074 2041 4143 inprimis
2074 4092 2130 4145 p.
2158 4075 2262 4130 520
2292 4089 2433 4139 seq.,
2468 4076 2556 4128 ubi
2594 4076 2683 4128 ille
2732 4077 2967 4144 primum
3018 4079 3176 4133 initia
3211 4084 3564 4152 singularum,
3598 4087 3760 4133 serrato

589 4175 808 4234 ordine,
839 4183 951 4238 quo
983 4167 1174 4234 posita:
1207 4173 1335 4217 sunt
1365 4164 1417 4215 in
1449 4163 1554 4214 isto
1583 4164 1705 4216 col.
1729 4162 1854 4216 dein
1890 4178 1985 4232 per
2016 4164 2370 4232 alphabetum
2395 4164 2602 4230 digesta
2629 4164 2896 4231 principia
2937 4166 3210 4219 exhibuit.
3239 4194 3304 4206 --
3329 4169 3463 4221 lbtd.
3500 4170 3548 4220 in
3576 4168 3674 4218 toll.
3696 4162 3757 4221 50.

596 4279 650 4312 ιι,
685 4260 737 4321 l3,
766 4261 900 4326 plut.
937 4256 1029 4316 50,
1069 4253 1334 4306 l’lauudis
1363 4249 1593 4319 cpistola
1628 4250 1691 4301 ad
1719 4248 2270 4318 PhilauthrOpeuum,
2293 4263 2414 4316 qua:
2455 4258 2537 4302 est
2588 4252 2732 4304 serie
2762 4251 3136 4319 Epistolarum
3175 4270 3231 4306 lu
3280 4258 3405 4310 cod.
3458 4269 3658 4308 memor.
3696 4248 3758 4309 2‘2.

590 4349 784 4399 ordine
823 4347 892 4398 68
931 4353 984 4396 et
1019 4340 1408 4409 auepigraplta.
1448 4336 1510 4390 V.
1558 4336 1794 4392 Bandin.
1829 4337 1862 4388 l.
1897 4351 1946 4390 c.
1977 4352 2030 4405 p.
2065 4336 2163 4390 551

863 4348 892 4395 8
931 4353 984 4396 et
1019 4340 1408 4409 auepigraplta.
1448 4336 1510 4390 V.
1558 4336 1794 4392 Bandin.
1829 4337 1862 4388 l.
1897 4351 1946 4390 c.
1977 4352 2030 4405 p.
2065 4336 2192 4390 551.
2227 4335 2441 4406 (llarl.)

663 4437 752 4486 22.
789 4431 1131 4498 Comparatio
1163 4429 1348 4480 hiemis
1387 4436 1436 4478 et
1467 4428 1602 4478 veris
1638 4425 1691 4478 iu
1725 4426 1917 4479 eodem
1947 4427 2138 4479 codice
2161 4426 2434 4479 Cwsareo.
2474 4421 2693 4494 mulir.)
2729 4423 2940 4480 Monac.
2968 4428 3019 4481 ill
3051 4429 3174 4483 cod.
3209 4430 3402 4483 Bavar.
3429 4431 3512 4486 50,
3543 4427 3592 4480 κ’.
3617 4422 3758 4481 llardl.

595 4525 631 4573 l.
668 4538 718 4574 c.
754 4537 803 4572 a.
833 4519 994 4582 1805,
1030 4525 1169 4585 part.
1203 4531 1272 4580 νι,
1299 4530 1352 4582 ρ.
1393 4513 1483 4564 47.
1525 4541 1596 4551 —
1647 4513 1936 4566 Florentia:
1996 4529 2048 4564 ιιι
2081 4515 2173 4566 cod

2191 4551 2204 4564 .
2255 4512 2518 4566 Laurent.
2547 4515 2634 4577 22,
2679 4529 2737 4567 tl.
2777 4515 2834 4578 5,
2863 4518 3002 4584 plut.
3043 4518 3132 4582 56,
3171 4517 3444 4572 Laudalio
3472 4519 3654 4570 Itianis.
3683 4517 3759 4564 luc.

593 4605 766 4677 Uipm
803 4608 1056 4673 καὶπρὸς
1086 4604 1254 4674 μόνην
1280 4604 1379 4673 τὴν
1406 4605 1595 4671 ἀκοήν.
1630 4601 1691 4655 γ.
1723 4603 1956 4656 Bandin.
1995 4602 2034 4655 l.
2073 4615 2122 4655 c.
2157 4601 2171 4654 I

2185 4601 2226 4665 ι,
2266 4618 2318 4670 p.
2357 4601 2485 4654 527.
2521 4629 2582 4641 -
2621 4601 2821 4656 Illemis
2863 4617 2908 4658 et
2971 4609 3102 4659 veris
3151 4612 3501 4676 comparatio,
3534 4604 3684 4660 Palis.
3724 4600 3759 4651 in

593 4700 721 4750 bibl.
759 4696 912 4764 publ.
943 4695 1101 4746 codd.
1132 4693 1289 4755 1187,
1325 4707 1380 4744 n.
1409 4692 1480 4754 5;
1520 4690 1678 4754 1658,
1710 4707 1765 4744 n.
1799 4693 1860 4755 7;
1889 4691 2049 4754 5010,
2084 4708 2138 4745 n.

2182 4689 2264 4755 23,
2295 4699 2348 4745 et
2383 4708 2494 4747 sec.
2529 4693 2824 4748 Διοιιιιέιυυ.
2864 4693 3003 4748 Bibl.
3036 4696 3277 4752 bibliotll.
3308 4716 3427 4751 mss.
3456 4713 3570 4766 pag.
3600 4693 3685 4748 925
3716 4689 3760 4752 Ῑιί

594 4800 651 4836 lll
681 4785 804 4836 cod.
844 4781 1083 4833 (lolbert.
1115 4778 1320 4848 illarl.)

666 4895 756 4948 25.
793 4895 863 4948 De
889 4893 1145 4948 l’lanudis
1170 4891 1556 4956 Grammatice,
1586 4891 1811 4962 Dialogo
1845 4894 1908 4946 de
1937 4897 2316 4963 quaestionibus
2353 4899 2742 4964 grammaticis,
2774 4899 2867 4966 qui
2897 4899 3218 4954 inscribitur
3245 4900 3517 4968 Neophrou
3543 4911 3587 4954 et
3617 4897 3762 4952 Palae-

593 4986 776 5048 tinms,
814 4998 910 5034 nec
943 4996 1053 5034 non
1085 4982 1152 5034 de
1179 4980 1404 5050 Syntaxi
1427 4981 1632 5033 dictum
1661 4995 1691 5032 a
1723 4997 1808 5034 Inc
1833 4992 1913 5034 est
1965 4988 2170 5036 volum.
2212 4984 2298 5049 Vl,
2329 5003 2382 5053 p.
2410 4986 2513 5038 548
2545 4983 2756 5055 [ibique
2784 4985 2948 5057 nut.j.
2981 4986 3391 5055 Epmterismata
3419 4989 3531 5058 ejus
3556 4986 3760 5040 ntelnoral

591 5071 824 5126 Gesneri
849 5069 984 5122 bibl.
1022 5066 1239 5139 (Ισάιν.)
1275 5068 1428 5120 Adde
1453 5066 1504 5118 in
1540 5079 1654 5120 not.
1698 5082 1927 5120 memor.
1955 5071 2138 5122 citatis
2163 5072 2323 5127 codd.
2366 5073 2566 5127 Matriti
2617 5078 2668 5126 in
2698 5076 2823 5127 cod.
2870 5073 3001 5144 lleg.
3037 5075 3124 5142 99,
3165 5077 3420 5131 Plauti-lae
3474 5078 3693 5142 Dialogus
3715 5070 3761 5121 de

593 5156 982 5217 Grammatica,
1007 5155 1101 5222 qui
1151 5155 1471 5208 inscribitur
1505 5152 1788 5222 Neapltron
1818 5162 1867 5207 et
1903 5153 2240 5213 Palwtintus.
2285 5191 2355 5200 —
2386 5163 2578 5231 Ejusd.
2617 5164 2682 5217 de
2727 5169 2944 5233 syntaxi
2999 5175 3123 5219 octo
3157 5176 3393 5235 partium
3435 5168 3686 5223 orationis,
3723 5165 3760 5209 et

591 5247 660 5299 de
681 5243 893 5312 syntati
920 5244 1208 5294 verborum
1253 5242 1670 5294 trausitivorum
1709 5253 1761 5296 et
1793 5242 2299 5300 intrausiti'vorum.
2335 5279 2402 5288 -—-
2436 5251 2573 5304 lbid.
2609 5253 2660 5304 in
2696 5253 2820 5306 cod.
2853 5253 2942 5316 95,
2983 5252 3241 5307 l’lanuuae
3271 5257 3337 5308 de
3367 5256 3629 5308 verborum
3664 5264 3760 5318 syn-

591 5334 726 5398 taxi,
759 5331 826 5384 de
853 5329 1154 5384 trausitivis
1189 5329 1650 5396 ctiutransitivis,
1694 5332 1888 5386 ordino
1929 5334 2315 5404 alphabetico;
2353 5348 2462 5390 tum
2500 5341 2564 5394 de
2588 5349 2882 5410 syntaxeos
2923 5344 3236 5410 speciebus,
3297 5359 3418 5413 qua:
3456 5342 3671 5414 syntatis
3713 5349 3759 5388 et

592 5424 809 5491 integro
842 5431 1004 5479 uasto,
1035 5433 1084 5472 s.
1117 5419 1487 5472 Grammatica
1515 5419 1656 5489 (qua:
1677 5423 1838 5474 etiam
1870 5429 2048 5474 exstat
2075 5420 2319 5478 Floreut.
2349 5427 2400 5478 iu
2436 5429 2570 5482 bibl.
2599 5431 2917 5483 monasterii
2953 5431 3079 5484 lnbl.
3110 5430 3291 5485 Maria:
3325 5431 3760 5487 Benedntinorum,

592 5522 731 5565 teste
756 5510 1052 5562 Moullaue.
1083 5507 1135 5560 ill
1162 5505 1300 5559 Bibl.
1332 5507 1568 5564 bibliotlt.
1604 5524 1724 5560 ruas.
1761 5523 1814 5576 p.
1840 5509 1944 5562 416
1996 5507 2056 5563 Β.
2111 5523 2163 5566 et
2213 5513 2266 5566 in
2301 5513 2561 5585 Palat-Ogr.
2586 5533 2668 5586 gr.
2698 5534 2749 5587 p.
2776 5517 2888 5586 70),
2918 5529 3174 5586 excerpta
3205 5521 3417 5574 videtur
3443 5538 3456 5574 :
3490 5532 3613 5587 quos
3641 5513 3758 5566 cotid-

587 5601 802 5669 plcnius
835 5608 1082 5652 recenset
1111 5596 1306 5651 lriartc
1327 5598 1382 5651 in
1413 5609 1522 5653 cat.
1553 5599 1713 5653 codd.
1741 5598 1837 5652 Gr.
1879 5597 2082 5654 llatrit.
2120 5617 2171 5670 p.
2203 5602 2336 5656 587.
2367 5620 2481 5673 seq.
2515 5604 2628 5674 (ubi
2655 5621 2873 5674 quoque
2897 5607 3033 5661 alios
3059 5609 3214 5662 codd.
3248 5609 3297 5659 iu
3333 5609 3454 5660 aliis
3481 5597 3759 5660 biblioltletia

590 5698 903 5737 asservatos
935 5685 1162 5754 laudat),
1194 5699 1246 5754 p.
1281 5685 1379 5738 591
1439 5695 1493 5740 ct
1544 5702 1594 5755 p.
1630 5686 1726 5738 571
1761 5701 1881 5754 seq.
1907 5713 1976 5724 —-
2011 5687 2259 5744 Venetiis
2294 5694 2345 5744 in
2403 5695 2527 5746 t'ud.
2567 5693 2816 5748 Numano
2863 5695 2986 5760 504,
3039 5695 3106 5749 de
3145 5697 3427 5748 verborum
3475 5691 3679 5762 syntaxi.
3714 5689 3759 5733 δέ

587 5775 895 5824 trausititls
923 5784 973 5824 et
1016 5774 1396 5839 iutrausitivis,
1420 5785 1532 5829 etc.
1572 5773 1633 5828 \'.
1667 5785 1774 5828 (at.
1817 5776 1980 5828 codd.
2009 5776 2105 5830 Gr.
2139 5779 2165 5830 1‘

2177 5797 2275 5834 κυιι.
2313 5795 2364 5848 p.
2406 5781 2508 5835 500
2538 5796 2683 5847 seq.,
2719 5796 2771 5836 n.
2810 5781 2864 5850 5,
2899 5782 2951 5849 6,
2985 5783 3033 5835 7.
3067 5811 3135 5820 -
3185 5783 3486 5838 Secundum
3519 5772 3755 5834 Mentisne.
