3996 6202
532 257 643 323 983
1814 260 2094 321 sintut
2140 259 2517 322 PLANUDJ!
3618 269 3700 334 ρει

538 376 774 445 antiquo
801 372 1025 430 curslro
1069 371 1395 430 charactere
1434 373 1748 430 minusmlo
1804 376 1895 431 ille
1934 377 2280 442 deduxisset,
2318 378 2414 446 qui
2448 374 2903 446 Long-inardicus
2941 376 3105 443 vulgo
3152 375 3371 431 dicitur.
3404 375 3499 433 Sed
3527 380 3699 439 uberior

541 462 694 517 illius
720 460 1044 532 quaestionis
1078 461 1434 532 investigatio
1478 462 1640 533 longe
1686 464 1841 519 abest
1883 466 1952 519 ab
1984 467 2239 521 instituto
2270 479 2465 523 nostro
2497 487 2512 522 :
2544 478 2595 520 et
2628 475 2876 535 praestat,
2924 465 3193 535 quosdam
3231 465 3419 527 libros.
3463 485 3521 523 es
3548 474 3699 539 quibus

536 549 777 620 cupidus
812 548 956 603 illius
991 548 1070 604 rei
1103 549 1263 619 plura
1318 550 1541 605 haurire
1576 551 1772 619 pos~it,
1818 561 2030 607 tantum
2083 557 2275 622 paucis
2309 570 2769 610 commemorare.
2806 553 2961 608 llaud
3005 554 3274 608 inutiliter
3322 555 3477 621 igitur
3517 558 3701 617 Conlerri

536 645 767 709 possunt
822 637 1029 693 Christi
1065 636 1228 703 ,Guil.
1280 638 1551 705 Buttneri,
1596 638 1739 710 prof.
1796 639 2070 707 quondam
2127 642 2531 712 Gottingensis,
2594 641 3235 711 Vergleichungs-Tafeln
3285 643 3377 695 der
3415 642 3701 712 Schriftariat

533 727 922 782 urscltiedener
955 726 1163 794 Walter,
1210 738 1346 795 etc.,
1387 737 1532 800 part.
1577 743 1617 792 ι,
1652 728 1924 799 Cottinga:
1952 738 2007 784 et
2033 729 2111 784 Co

2123 733 2224 786 that
2254 732 2417 797 1771,
2451 732 2510 796 4,
2544 731 2656 784 tab.
2697 748 2755 794 ιι,
2803 730 3041 799 ejusque
3070 731 3253 785 Breuis
3288 735 3528 795 expositio
3562 736 3701 802 alpha-

532 816 767 872 betontm
801 819 1037 874 omnium
1069 819 1387 889 populorum
1419 829 1469 874 et
1499 818 1846 887 afﬁnitatem.
1874 819 2062 888 quibus
2082 818 2179 872 illo
2213 821 2350 873 inter
2384 837 2440 874 se
2474 820 2758 889 conjuncta
2787 829 2933 884 sunt,
2970 818 3020 891 ᾗ.
3042 820 3095 879 2,
3129 822 3185 873 iu
3214 819 3353 874 Nov.
3391 819 3699 878 Commentar.

534 904 833 961 Societatis
881 906 1062 976 [legite
1101 907 1459 965 scientiarum
1515 906 1916 976 Gottingensis,
1966 917 2101 961 tom.
2132 906 2247 966 Vll.
2303 906 2579 976 Gottinga:
2628 907 2789 968 1777,
2820 906 2875 970 4,
2916 922 2973 975 p.
3024 905 3159 970 109;
3203 915 3258 960 et
3312 905 3646 973 lleilbronner,
3684 925 3703 960 a

539 990 789 1047 Morcllio
827 994 942 1063 jam
990 995 1266 1059 laudatus,
1300 997 1393 1066 qui
1437 1012 1493 1064 p.
1541 996 1638 1051 7H
1704 996 1983 1063 vulgarem
2016 996 2373 1059 sententiam,
2405 994 2703 1065 Europaeos
2747 995 3033 1063 accepisse
3072 994 3418 1049 characteres
3453 994 3705 1050 Indicosab

533 1080 817 1150 Hispanis,
853 1083 956 1138 bos
1000 1098 1029 1135 a
1070 1084 1297 1149 “antris,
1334 1096 1387 1135 et
1422 1084 1525 1136 hos
1574 1080 1643 1136 ab
1686 1082 1986 1145 Arabibus,
2023 1082 2124 1137 hos
2161 1092 2345 1137 autem
2376 1098 2487 1138 non
2539 1084 2713 1154 ipsos,
2749 1083 2844 1137 sed
2894 1081 3060 1137 Indos
3108 1084 3395 1150 liguralem
3445 1100 3707 1138 ttttmeramu

533 1169 806 1223 rationem
834 1171 1198 1241 ext-agitasse,
1229 1179 1283 1225 et
1318 1172 1424 1224 alia
1461 1186 1491 1222 a
1528 1169 1785 1225 Wallisio
1824 1169 2055 1238 prolata.
2084 1185 2185 1226 nec
2221 1185 2335 1226 non
2388 1173 2699 1226 contrarias
2745 1172 3059 1226 sententias
3106 1170 3346 1226 Wallisii
3392 1185 3453 1225 ac
3490 1170 3567 1226 lo.
3596 1173 3706 1225 FI’iIi.

529 1255 822 1323 Weitiicl’i,
855 1260 947 1328 qui
994 1260 1049 1313 in
1085 1259 1315 1314 Dissert.
1357 1259 1424 1314 de
1460 1260 1705 1314 charact.
1742 1268 2099 1314 numerorum
2135 1260 2454 1331 vulgaribus
2478 1268 2535 1314 et
2558 1274 2751 1313 eorum
2782 1259 3063 1321 aetatibus,
3090 1256 3377 1327 Viteberg.
3424 1258 3566 1321 1727,
3603 1260 3709 1311 arbi-

526 1350 708 1405 tratur
738 1351 1090 1404 characteres
1120 1364 1501 1415 numerorum,
1532 1348 1787 1405 Arabicis
1812 1348 2046 1409 similes,
2086 1347 2199 1417 jam
2226 1347 2479 1412 Boethio,
2517 1361 2567 1401 a.
2600 1346 2735 1402 Chr.
2786 1347 2892 1401 52s
2932 1355 3147 1401 mortuo
3183 1345 3455 1416 (adeoque
3486 1355 3595 1401 ante
3621 1346 3709 1401 Pla-

527 1434 784 1505 nudem),
831 1436 1007 1491 fuisse
1036 1436 1314 1507 cOgnitos,
1350 1438 1699 1506 aliorumque
1730 1436 1960 1492 uberius
1989 1436 2178 1493 refert.
2225 1435 2331 1490 Sed
2373 1437 2591 1492 illorum
2641 1436 2999 1504 aliorumque
3045 1434 3342 1501 opiniones
3381 1436 3579 1504 copiose
3605 1437 3685 1490 reci

523 1530 723 1580 tantur
772 1532 827 1577 et
870 1524 1071 1591 partim
1126 1534 1518 1595 oppugnantur
1567 1525 1620 1578 in
1673 1539 1840 1594 opere
1892 1523 2158 1593 inscripto
2204 1541 2219 1577 :
2262 1522 2439 1578 Neues
2492 1522 2867 1590 Lehrgebiude
2914 1524 3013 1576 der
3052 1521 3403 1588 Diplomatik,
3452 1523 3634 1575 societies
3672 1524 3710 1573 ἰιι

528 1609 859 1664 f'rankreieh
891 1628 990 1666 oon
1033 1612 1239 1683 einigen
1278 1611 1686 1667 Benedictinern
1725 1642 1796 1653 —
1834 1611 2133 1681 rerfertiget
2179 1612 2411 1667 worden.
2443 1612 2553 1666 Aus
2602 1613 2718 1664 dem
2751 1609 3175 1664 Franzosisrlien
3211 1611 3485 1673 ﬁbersetzt,
3526 1621 3635 1663 tom.
3665 1610 3709 1662 ἵ.

528 1697 719 1755 Erfurt
766 1700 927 1764 1767,
964 1701 1015 1764 ι,
1047 1702 1146 1757 lib.
1193 1719 1255 1765 tt,
1296 1718 1418 1770 cap.
1452 1702 1507 1765 4,
1544 1713 1681 1757 sect.
1718 1701 1772 1765 9,
1807 1702 1967 1755 artic.
1995 1700 2050 1764 2,
2086 1715 2143 1769 p.
2173 1697 2242 1751 76
2274 1715 2394 1768 sqq.
2440 1698 2580 1755 Add.
2623 1697 2709 1753 «ιο.
2743 1697 3063 1767 ChriStopb.
3100 1696 3403 1754 Gatterer's
3453 1698 3614 1753 Abriss
3642 1698 3711 1748 der

526 1786 872 1855 Diplomatik.
905 1788 1155 1860 Gotting.
1188 1790 1350 1853 1798,
1378 1791 1431 1852 8,
1477 1807 1598 1861 pag.
1636 1790 1708 1845 29
1741 1808 1861 1859 sqq.
1896 1789 2103 1860 (Πανί.)

595 1874 689 1929 28.
722 1875 1120 1932 Problemata»:
1156 1876 1431 1941 Volumen,
1466 1887 1730 1933 memorat
1759 1877 2034 1933 Gesnerus
2064 1877 2117 1930 in
2147 1876 2281 1930 bibl.
2322 1891 2353 1928 e
2383 1874 2763 1929 Volaterrano.
2811 1904 2819 1910 -

592 1963 685 2019 29.
718 1963 1143 2022 Commentarios
1172 1968 1225 2021 in
1259 1966 1595 2021 Rhetoricans
1634 1966 1999 2036 Hermogenis.
2041 1965 2120 2020 Id.
2151 1964 2407 2020 Planudis
2456 1966 2519 2016 ad
2565 1963 2954 2027 Hermogenem
3007 1963 3081 2016 de
3108 1961 3349 2017 statibus
3379 1975 3505 2015 mss.
3539 1962 3585 2014 in
3613 1961 3713 2015 bibl.

523 2051 819 2116 Caesarea,
845 2057 912 2107 ad
942 2056 1147 2109 calcem
1178 2055 1408 2110 Joannis
1434 2054 1605 2109 Siculi
1656 2056 1721 2107 ad
1771 2056 2101 2123 Hermogene

2134 2068 2162 2104 η
2186 2052 2317 2119 περὶ
2358 2051 2533 2104 ἰδεῶν.
2559 2048 2775 2117 (Fabr.)
2814 2048 3074 2103 Planudis
3122 2048 3335 2104 scholia
3385 2049 3436 2101 in
3470 2047 3712 2115 Hermoge-

523 2156 650 2194 nem
684 2180 700 2203 ,
748 2139 1034 2197 Mediolani
1093 2144 1146 2196 in
1189 2144 1324 2199 bibl.
1354 2144 1609 2197 Ambros.
1651 2142 1708 2195 γ.
1746 2142 2040 2195 Mnntlauc.
2082 2140 2217 2195 Bibl.
2253 2140 2437 2194 blioth.
2463 2156 2589 2192 mss.
2624 2154 2676 2206 ῃ.
2703 2138 2797 2191 501
2836 2137 2897 2190 Β.
2932 2165 3001 2179 -
3033 2137 3348 2192 Rhetorica!
3386 2136 3713 2205 prolegomena

523 2227 750 2296 inedita,
784 2229 959 2288 Paris.
984 2231 1037 2284 in
1063 2231 1197 2286 bibl.
1226 2231 1372 2300 pnbl.
1419 2232 1541 2286 cod.
1574 2230 1737 2293 2920,
1775 2248 1825 2283 n.
1856 2230 1880 2283 1
1907 2249 1921 2295 ;
1958 2232 2011 2283 in
2038 2243 2147 2298 quo
2180 2229 2342 2283 etiam
2370 2234 2517 2285 sunt,
2574 2242 2627 2279 n.
2654 2226 2709 2285 5,
2748 2222 3103 2285 Hermogenis
3129 2226 3233 2279 Ars
3257 2226 3527 2286 rhetorica,
3557 2225 3609 2276 de
3629 2240 3718 2291 par-

525 2316 713 2370 titione
734 2326 971 2370 statuam
999 2326 1049 2371 et
1070 2319 1421 2386 quwstionum
1459 2318 1841 2379 cratoriarum,
1863 2316 2137 2386 adiunctis
2161 2313 2567 2385 prolegomeuis
2607 2323 2774 2378 atque
2806 2314 3227 2368 commentariis
3265 2330 3281 2377 ;
3318 2329 3374 2367 n.
3407 2313 3457 2377 4,
3485 2310 3634 2380 ejusd.
3665 2310 3720 2364 De

529 2404 718 2473 [armis
750 2407 998 2459 oratoriis
1030 2407 1149 2460 libri
1186 2422 1260 2473 tv,
1311 2407 1587 2476 adjunctis
1619 2408 1916 2473 proli-gout.
1963 2414 2019 2458 et
2049 2402 2485 2457 commentariis.
2522 2430 2590 2438 —
2623 2398 2779 2451 Plan.
2811 2398 3133 2453 Rhetorices
3159 2400 3528 2468 prolegomeua
3550 2406 3595 2450 et
3618 2394 3715 2447 lier-

525 2499 773 2564 tnogt-nis
813 2494 957 2560 libri,
995 2495 1245 2560 Taurini,
1278 2496 1331 2550 in
1357 2497 1477 2553 rod.
1519 2495 1647 2566 Reg.
1685 2497 1773 2550 77.
1810 2493 1870 2547 V.
1901 2494 2020 2549 Cat.
2044 2491 2206 2549 codd.
2242 2489 2336 2543 Gr.
2381 2487 2549 2541 Taur.
2576 2504 2627 2555 p.
2664 2486 2787 2539 1Ἱι.
2816 2515 2888 2525 ——
2913 2487 2997 2538 An
3030 2488 3140 2541 huc
3180 2488 3345 2539 etiam
3389 2485 3630 2554 pertinent
3650 2493 3717 2535 aut

524 2582 589 2635 ad
623 2584 829 2653 scripta
852 2584 1189 2654 grammatic.
1232 2583 1384 2638 Plan.
1424 2582 1731 2637 Natatioaes
1766 2583 1971 2637 variae?
2013 2582 2141 2637 Mss.
2203 2590 2419 2635 exstant
2466 2578 2651 2633 nonne
2703 2578 2753 2631 in
2791 2577 2925 2632 bibl.
2974 2575 3155 2633 Vatie.
3192 2574 3257 2631 ν.
3308 2572 3723 2645 Hontfaacthl.

523 2669 765 2725 bibliotlt.
795 2688 947 2727 mss.
983 2687 1037 2739 p.
1068 2671 1170 2726 187
1198 2670 1258 2727 C.
1297 2670 1511 2741 (llarl.)

594 2758 687 2812 50.
719 2756 787 2811 1η
820 2757 1167 2827 Theophrasti
1195 2757 1538 2814 Chararteres
1593 2759 1891 2813 Gesnerns.

598 2843 693 2898 51.
731 2842 1009 2913 Eclogam,
1044 2848 1309 2916 quomodo
1348 2846 1681 2916 appellentur
1723 2848 1981 2903 animalia
2007 2861 2117 2905 tum
2156 2854 2443 2916 terrestria,
2474 2863 2581 2905 tum
2613 2850 2895 2921 aquatilia.
2924 2849 3001 2904 ld.

598 2931 695 2987 52.
728 2930 962 3003 Figures
988 2933 1051 2986 de
1075 2933 1185 2987 sole
1212 2942 1261 2987 et
1288 2933 1436 2987 luna.
1477 2933 1556 2989 Id.

603 3019 696 3074 55.
728 3021 1035 3088 Διάγνωσιν
1066 3019 1255 3073 ὑελιων
1290 3022 1386 3073 τοῦ
1412 3022 1599 3090 οὔρου.
1630 3022 1703 3077 De
1734 3022 1968 3077 colorum
2012 3025 2065 3079 in
2116 3045 2181 3081 ur

2144 3030 2285 3085 trinis
2314 3032 2630 3099 cognitione,
2654 3040 2701 3084 et
2732 3029 2797 3082 de
2824 3028 3081 3099 sanguine
3111 3024 3499 3097 phlebotomia,
3525 3019 3722 3077 carmine

530 3107 755 3179 politico
779 3124 844 3162 ex
876 3109 1066 3164 codice
1093 3107 1261 3178 Regio
1282 3107 1408 3173 957,
1429 3125 1562 3164 usus
1582 3120 1664 3162 est
1687 3110 1921 3182 Congius
1943 3115 1993 3167 in
2023 3113 2291 3172 Glossario
2323 3118 2527 3172 Cra'co.
2554 3119 2741 3171 Exstat
2764 3117 2925 3170 etiam
2954 3118 3006 3168 in
3033 3115 3165 3169 bibl.
3199 3114 3487 3169 Caesarea.
3514 3109 3719 3164 Lambec.

526 3196 594 3265 γ,
637 3213 759 3268 pag.
790 3198 916 3254 2l8.
961 3196 1179 3269 (Fabr.)
1231 3196 1358 3253 Sive
1406 3214 1525 3268 pag.
1564 3198 1689 3265 450,
1719 3199 1918 3255 Kollar.
1954 3218 2012 3255 n.
2046 3203 2099 3257 9.

2141 3209 2264 3260 cod.
2300 3206 2405 3260 26!)
2465 3206 2577 3260 inc.
2606 3204 2727 3257 Τῶν
2756 3204 2998 3257 ἀσθενῶν
3030 3202 3183 3255 ὑὲλια
3224 3202 3366 3271 μάοε
3406 3197 3717 3268 τρισκαίδεκα.

524 3288 640 3345 lloc
671 3299 856 3343 autem
889 3303 1109 3360 carmen
1161 3289 1213 3344 in
1244 3289 1407 3345 codd.
1440 3289 1644 3345 Ca‘sar.
1708 3291 1803 3358 20,
1825 3308 1881 3347 n.
1916 3294 1972 3356 2,
2006 3293 2095 3359 42,
2123 3309 2176 3347 n.
2210 3294 2267 3353 2.
2305 3306 2356 3346 et
2377 3293 2464 3356 40,
2501 3311 2554 3347 n.
2583 3294 2635 3354 5.
2670 3302 2724 3349 ct
2754 3291 2880 3347 alibi
2908 3290 3170 3345 tribuitur
3199 3289 3498 3359 Nicephoro
3521 3283 3723 3339 Blemmi-

522 3378 628 3432 da).
671 3376 733 3431 V.
768 3375 1025 3431 Lambec.
1057 3376 1145 3441 Vl,
1184 3387 1324 3447 part.
1360 3391 1418 3439 It,
1448 3395 1500 3447 p.
1528 3379 1655 3443 250,
1708 3379 1815 3433 555
1869 3390 1924 3434 et
1976 3381 2082 3438 559

2158 3398 2214 3436 n.
2263 3380 2316 3434 2.
2354 3383 2494 3435 Add.
2529 3396 2696 3450 supra
2752 3380 2816 3432 ad
2857 3380 2964 3432 vol.
2999 3375 3112 3440 Vll,
3144 3392 3275 3447 pag.
3309 3376 3415 3431 672
3460 3389 3565 3441 seq.
3616 3370 3722 3423 inira

526 3467 636 3521 vol.
670 3462 787 3527 XII,
819 3480 875 3520 n.
907 3464 1031 3530 779,
1058 3474 1114 3520 et
1139 3465 1311 3520 lndic.
1331 3466 1397 3519 ad
1435 3477 1677 3521 nostram
1711 3468 1845 3522 bibl.
1876 3468 1971 3524 Cr.
2000 3485 2123 3528 voc.
2158 3473 2493 3543 Nicephorus
2540 3472 2881 3527 Blemmid’as.
2917 3500 2986 3511 —-
3028 3472 3294 3523 Plannde
3334 3476 3508 3520 tamen
3542 3464 3723 3519 ascribi-

532 3554 681 3611 bitnr
714 3556 867 3626 prius
896 3570 1121 3610 carmen
1148 3562 1201 3610 et
1230 3564 1455 3611 vocatur
1492 3555 1567 3611 De
1614 3556 1793 3613 nrinis
1826 3560 2069 3612 omnium
2119 3563 2431 3616 morborum
2489 3561 2882 3624 Immanornm,
2931 3557 3145 3612 Monac.
3177 3558 3236 3611 in
3268 3555 3424 3611 codd.
3462 3554 3629 3605 Bavar.
3655 3550 3723 3611 70,

531 3654 588 3699 et
616 3644 709 3704 72.
736 3644 925 3698 addito
959 3643 1027 3697 de
1060 3644 1761 3715 sanguine'pblebotomim.
1798 3646 1965 3701 inscr.
1999 3647 2076 3702 De
2101 3649 2365 3703 coloribus
2402 3650 2570 3703 urina:
2601 3649 2655 3701 in
2685 3648 2923 3700 omnibus
2946 3646 3217 3698 hominum
3248 3644 3467 3697 morbis.
3500 3639 3551 3695 V.
3573 3637 3718 3699 llartlt,

529 3734 585 3787 in
610 3732 815 3786 Aretini
862 3731 1181 3802 Beytragen,
1217 3741 1349 3795 etc.,
1375 3748 1503 3788 ann.
1540 3734 1699 3796 1804,
1734 3745 1876 3805 part.
1907 3751 1982 3802 tv,
2017 3752 2139 3806 pag.
2166 3737 2239 3791 25
2264 3747 2318 3791 et
2349 3738 2443 3792 55.
2478 3769 2546 3779 —
2581 3736 2757 3790 Leidae
2801 3738 2854 3788 in
2888 3735 3024 3790 bibl.
3079 3734 3232 3803 pnbl.
3268 3734 3410 3785 inter
3454 3729 3595 3784 codd.
3622 3725 3722 3779 Vos-

530 3824 672 3878 sian.
710 3819 972 3875 Planuilis
1030 3819 1237 3889 aliquid
1286 3820 1355 3873 de
1396 3821 1589 3876 urinis.
1639 3821 1697 3876 ν.
1757 3824 1879 3877 Cat.
1940 3825 2073 3879 bibl.
2127 3826 2284 3882 Leid.
2334 3842 2387 3895 p.
2447 3825 2574 3891 402,
2626 3826 2810 3887 n.l8;
2864 3823 2917 3877 in
2967 3820 3085 3874 Cat.
3145 3831 3329 3874 autem
3372 3833 3501 3874 mss.
3525 3815 3652 3885 Angl.
3674 3810 3722 3871 ll.

530 3929 591 3967 ιι.
613 3910 776 3977 2501,
804 3910 949 3965 inter
973 3908 1135 3964 codd.
1174 3908 1425 3964 Vossian.
1467 3910 1787 3967 inscribitur
1817 3930 1833 3969 :
1861 3911 2015 3968 Max.
2050 3914 2210 3969 Plan.
2260 3915 2598 3982 prognostica
2644 3914 2706 3965 de
2748 3912 2937 3964 urinis.
2981 3935 3049 3947 -—-
3077 3907 3429 3976 Dijuilncatio
3484 3904 3722 3956 vitrearium

532 4001 817 4054 nrinarum
848 4008 903 4053 et
929 3997 997 4051 de
1025 3996 1305 4053 coloribus
1333 4013 1396 4053 ac
1424 3999 1744 4053 sedimentis
1774 4002 2117 4065 earumdem,
2158 4001 2214 4057 in
2243 4002 2410 4055 catal.
2442 4017 2575 4056 mss.
2614 3999 2851 4053 Zenonis
2876 3996 3196 4052 Pistoriens.
3248 3993 3308 4048 V.
3343 3992 3509 4046 Lamii
3547 3989 3725 4043 Delicias

531 4087 728 4143 erudit.
758 4101 888 4139 ann.
918 4083 1077 4149 1745,
1108 4100 1161 4154 p.
1192 4084 1319 4140 107.
1350 4116 1416 4127 --
1462 4085 1698 4157 Mosquze
1734 4088 1787 4141 in
1812 4088 1935 4144 cod.
1996 4105 2109 4160 synt

2144 4090 2191 4145 1.
2238 4089 2364 4151 349,
2401 4107 2457 4145 n.
2497 4090 2584 4144 57.
2640 4088 2791 4141 Plan.
2831 4086 2966 4155 Περὶ
3007 4084 3227 4137 πάντων
3258 4083 3366 4134 τῶν
3396 4080 3623 4149 αἱμάτων
3652 4074 3722 4140 τῆς

528 4177 914 4252 φίεὸοτομίας.
972 4174 1097 4230 lnit.
1126 4175 1280 4231 Μάϐε
1304 4176 1398 4230 καὶ
1428 4175 1498 4229 τὰ
1519 4176 1748 4246 αἵματα.
1782 4179 1842 4234 ν.
1888 4177 2103 4234 Manlia?

1304 4176 1398 4230 καὶ
1428 4175 1498 4229 τὰ
1519 4176 1748 4246 αἵματα..
1782 4179 1842 4234 ν.
1888 4177 2123 4234 Μαιῑιιειξί
2160 4192 2276 4236 not.
2313 4182 2407 4237 cit.
2443 4198 2493 4248 ρ.
2526 4181 2652 4235 259.
2680 4180 2879 4250 (IL-ml.)

494 4259 505 4273 “
603 4269 693 4323 54.
724 4264 1053 4325 Aristotelem
1078 4270 1141 4325 de
1176 4271 1389 4325 Plantis
1422 4285 1485 4325 ex
1518 4269 1703 4341 lingua
1739 4267 1943 4324 Punica
1988 4268 2120 4335 (imo
2150 4283 2217 4325 ex
2249 4270 2460 4335 Latino,
2496 4277 2793 4342 interprete
2818 4267 2890 4341 (li)
2940 4267 3105 4334 Galli,
3150 4262 3342 4319 nescio
3371 4262 3543 4332 cujus,
3573 4259 3649 4329 qui
3674 4271 3723 4311 ex

526 4359 759 4415 Arabico
803 4359 1066 4431 verterat)
1105 4361 1158 4415 in
1188 4362 1433 4416 Graecam
1464 4360 1769 4416 retraxisse
1786 4356 2111 4425 Planndem,
2134 4367 2290 4414 notat
2321 4356 2610 4437 Situlerns.

597 4466 688 4521 55.
718 4465 971 4534 ίΕηὶθηια
999 4481 1101 4520 ms.
1134 4467 1188 4521 in
1225 4465 1357 4520 bibl.
1385 4463 1650 4527 Caesarea,
1682 4463 1849 4533 incip.
1881 4462 2097 4535 ἐρήμην
2129 4483 2175 4518 π‹

2145 4463 2261 4519 τότε
2292 4464 2593 4531 δικασθείς,
2618 4461 2835 4535 (Fabr.)
2866 4465 2919 4518 in
2943 4462 3069 4520 cod.
3090 4462 3218 4525 296,
3252 4479 3311 4518 n.
3344 4462 3398 4518 5.
3432 4457 3492 4515 V.
3514 4454 3723 4511 Lambtc.

530 4554 598 4618 Υ,
633 4570 686 4623 p.
716 4554 845 4615 5M,
876 4552 1027 4607 Koll.
1062 4552 1189 4607 add.
1223 4554 1287 4605 ad
1321 4569 1375 4607 n.
1404 4553 1497 4606 21.
1522 4550 1734 4623 (Πανὶ.)

598 4643 690 4697 56.
721 4642 1047 4711 Adagiorum
1065 4642 1329 4697 Centurio:
1359 4650 1487 4707 tres,
1518 4658 1660 4711 δερμα
1691 4657 1720 4695 a
1755 4642 1876 4698 Nic.
1905 4640 2185 4697 Comneno
2211 4641 2476 4696 citantur.

601 4730 693 4787 57.
724 4729 1035 4783 Additiones
1068 4730 1135 4782 ad
1168 4728 1541 4784 bibliothecam
1564 4728 1883 4793 Pltotii;id.
1918 4747 1971 4798 p.
2010 4729 2096 4790 16.
2127 4729 2350 4793 2|,etc.

502 4836 505 4837 '
604 4820 694 4875 58.
729 4818 1028 4888 I‘Itilologia
1054 4819 1119 4871 de
1141 4818 1365 4872 historia
1403 4818 1619 4888 Dictyos
1648 4830 1697 4874 et
1732 4819 1918 4873 Troico
1954 4819 2125 4882 bello;
2153 4820 2228 4872 id.
2262 4832 2316 4885 p.
2350 4817 2475 4878 587,
2506 4828 2731 4884 pnrnot.
2758 4828 3055 4889 mystagog.

606 4907 943 4982 ιΒασιλικὸς,
971 4907 1024 4961 in
1046 4905 1173 4961 cod.
1197 4905 1510 4976 Mosquensi
1535 4908 1727 4977 synod.
1753 4906 1857 4962 502
1876 4949 1890 4971 ,
1918 4924 1972 4960 n.
2000 4908 2087 4961 81.
2111 4906 2184 4961 Im

2142 4922 2224 4963 nc.
2262 4909 2530 4970 Πολλάκις
2555 4927 2646 4978 μοι
2679 4909 3019 4976 λογίσασθαι.
3058 4908 3181 4965 Vid.
3212 4907 3442 4964 Μαιηιωὶ
3469 4902 3618 4959 Notit.
3648 4896 3720 4947 rit.

534 5016 589 5067 ρ.
629 4998 844 5053 199.-
879 4994 1020 5050 Ibid.
1051 5010 1107 5066 p.
1136 4993 1265 5061 252,
1310 4995 1367 5049 in
1398 4994 1522 5049 cod.
1572 4995 1713 5063 594,
1750 5012 1806 5049 ιι.
1852 4996 1936 5060 14,
1986 4996 2112 5069 inci]

2139 5037 2152 5051 .
2201 5013 2394 5067 opusc.
2446 4997 2719 5068 quoddam
2774 4998 3053 5065 Planudze,
3106 4995 3437 5070 Ἐρωτητέον
3482 4990 3716 5060 πρότερον.

530 5083 763 5160 (ιιατι.)]

608 5176 676 5248 [Τ
680 5171 990 5246 εχνολογιαι
1029 5172 1124 5247 καὶ
1144 5170 1440 5246 μερισμοι.
1477 5199 1541 5213 --
1566 5170 1929 5241 Technologiw
1970 5184 2016 5227 et
2050 5173 2186 5239 parti

2134 5173 2395 5228 tticulwres
2413 5175 2655 5244 qua'dam
2686 5175 3034 5239 expositiones
3070 5176 3123 5227 in
3160 5170 3464 5228 Philostrati
3486 5162 3712 5233 imaginet-

531 5267 709 5337 lut'ip.
742 5264 816 5317 Τδ
844 5262 1192 5327 ἀσπάζεσθαι
1228 5262 1321 5315 καὶ
1342 5260 1402 5314 τὸ
1437 5260 1632 5328 φιλεῖν,
1666 5268 1773 5315 etc.
1805 5258 2048 5316 Florent.
2076 5264 2109 5316 it

2161 5266 2284 5318 cod.
2315 5265 2575 5317 Laurent.
2608 5264 2638 5316 7
2658 5303 2674 5326 ,
2705 5281 2759 5318 n.
2785 5262 2840 5327 6,
2873 5264 3013 5332 plut,
3047 5262 3135 5326 55,
3163 5260 3278 5315 sine
3306 5259 3512 5313 nomine
3538 5248 3714 5337 quidem

533 5335 815 5423 auctioris;
850 5351 994 5421 quod
1045 5362 1227 5405 tamen
1258 5348 1552 5405 adnotante
1586 5348 1819 5405 Bandin.
1847 5352 1900 5403 in
1932 5348 2048 5406 Cat.
2074 5354 2166 5408 cit.
2200 5351 2240 5405 ll
2296 5369 2347 5422 p.
2377 5353 2511 5418 246,
2539 5351 2754 5405 Fabric.
2781 5352 2989 5421 (supra,
3016 5351 3124 5405 vol.
3151 5350 3193 5403 V
3217 5390 3229 5413 ,
3260 5365 3313 5419 p.
3344 5344 3507 5409 550.§
3535 5340 3582 5407 5)
3603 5335 3713 5390 δίπο

538 5444 800 5502 Planudae
822 5439 1125 5496 attribuerc
1154 5439 1468 5495 videtur.—
1501 5439 1635 5495 Ibid.
1678 5440 1730 5493 in
1759 5440 1881 5493 cod.
1909 5443 2033 5493 cod.
2069 5455 2127 5494 n.
2150 5439 2204 5506 8,
2241 5440 2556 5495 Philostrati
2588 5440 2840 5507 lleroica,
2865 5439 3129 5494 translata
3160 5439 3227 5493 ab
3257 5438 3497 5491 Italorum
3526 5424 3716 5483 dialecw

606 5600 682 5667 (η)
722 5599 885 5668 Atqui
930 5594 1420 5668 Ursinusyidetur
1454 5592 1822 5668 allii-litiog‘illm
1853 5589 2098 5668 Cophalaa
2204 5591 2444 5668 Collatii.

535 5636 1366 5739 rt-iBicé'r'é'."étuilis“uégﬁii
1424 5664 1604 5739 verbis
1642 5636 1896 5729 cdlligore
1920 5636 2098 5739 ilicet;
2207 5636 2351 5739 :_(b)
2390 5636 2543 5739 Yide.
2568 5680 2689 5735 qua:
2719 5663 2903 5723 notavi
2934 5662 3030 5721 lib.
3061 5677 3146 5728 ill,
3181 5675 3298 5731 cap.
3323 5657 3376 5725 5,
3410 5652 3437 5725 §
3497 5648 3551 5703 19
3607 5636 3712 5716 [τθίθ

540 5732 718 5808 ipsum
752 5738 905 5792 illum
926 5739 1166 5793 t‘OtiiCt‘lll
1193 5736 1495 5789 Palatinum
1530 5733 1698 5788 lu‘ssc
1728 5743 1883 5790 antea
1906 5732 2098 5802 Angcli
2206 5732 2295 5801 Ill,
2321 5749 2371 5802 p.
2396 5733 2547 5801 2411.
