3996 6202
473 263 574 326 991

1738 252 2042 319 ΜΑΧΙΜΪ
2065 259 2440 320 PLANUDE

3592 277 3673 336 μοι

474 380 610 435 lini?
639 381 752 444 Qua
799 377 1007 432 ratione
1057 375 1189 431 mihi
1225 376 1510 446 imperem,
1546 383 1604 430 ut
1635 392 1740 429 non
1773 376 2044 431 altissimo
2069 407 2083 435 ι

2185 397 2237 441 ες
2269 380 2577 439 κωλύωσιν,
2634 374 2677 431 ὦ
2720 379 2912 432 πασῶν
2971 381 3196 450 ἡμερῶν
3252 383 3578 457 ὰλγεινοτάτη
3607 411 3675 456 μοι

473 473 606 527 ﬂetu
650 471 983 539 planctuque
1022 468 1349 528 exclamem,
1390 466 1608 522 etiamsi
1656 482 1816 521 nemo
1852 466 2051 520 admit-

479 575 576 626 tat,
614 563 706 616 sed
759 576 950 614 omnes
985 560 1356 629 prohibeant?
1394 558 1438 614 Ο
1465 560 1779 615 tristissima
1809 559 2052 613 omnium

475 659 685 711 dierum
719 655 834 708 dies
883 669 1003 722 quae
1043 663 1156 707 tum
1205 653 1338 707 mihi
1406 669 1466 708 es
1524 637 1732 717 exorta,
1785 669 1908 708 cum
1960 651 2053 706 Fi.

477 747 608 799 lium
641 745 746 797 vidi
797 760 826 798 e
875 744 1024 814 ligno
1060 759 1389 813 suspensum
1459 747 1740 814 clavisque
1767 743 2052 814 perﬁxum,

476 846 531 890 et
563 837 700 888 latus
729 835 850 902 ejus
893 835 1049 888 hasta
1100 844 1372 904 apertum,
1418 849 1578 904 atque
1621 840 1795 904 ipsum
1829 851 1890 889 ea
1927 850 2057 904 per-

478 926 796 996 petientem,
832 925 897 978 ad
954 941 1075 993 qua:
1131 940 1227 978 nec
1273 925 1520 978 animum:
1561 926 1845 979 advertere
1894 939 2055 992 queo.

476 1019 588 1070 Cur
639 1019 778 1070 hanc
844 1032 950 1070 non
1010 1031 1042 1070 ,e
1103 1031 1340 1085 corpore
1404 1017 1576 1070 evulsi
1645 1016 2055 1079 auimam,cum

478 1109 834 1163 acerbitatem
902 1108 1046 1160 illam
1109 1108 1210 1161 sim
1287 1109 1480 1162 intuita
1542 1119 1862 1175 prmsmitetn
1935 1123 2058 1176 quze

477 1199 642 1252 etiam
701 1211 870 1260 nunc,
921 1196 1137 1263 quoties
1198 1196 1263 1247 ad
1329 1197 1648 1248 memoriam
1707 1210 1924 1257 t'evuto,
1976 1207 2060 1246 me

479 1305 627 1359 pene
657 1287 978 1343 exanimat?
1022 1287 1132 1341 lleu
1165 1298 1336 1349 luam,
1374 1295 1520 1352 nate,
1570 1287 1794 1350 cmdem,
1829 1287 1930 1337 heu
1964 1285 2062 1337 ite-

480 1398 602 1436 rum
637 1392 801 1451 atque
832 1382 1056 1442 iterum,
1087 1395 1251 1448 quam
1282 1379 1487 1446 injuste
1531 1379 1682 1432 cruci
1734 1395 1792 1433 es
1839 1377 2060 1440 affixus,

482 1488 646 1544 quam
718 1474 904 1542 inique
960 1473 1130 1527 clavis
1176 1486 1236 1526 es
1302 1473 1620 1539 percussus,
1674 1485 1836 1540 quam
1897 1469 2062 1537 impie

483 1565 642 1618 hasta
674 1564 857 1619 ictusl
889 1563 1162 1618 Gravibus
1194 1573 1248 1616 lu
1280 1577 1504 1630 pressus
1537 1563 1724 1626 _malis,
1768 1576 1833 1613 ex
1869 1560 2064 1612 buma-

485 1657 574 1710 nis
606 1655 886 1724 migrasti;
933 1655 1280 1724 gravioribus
1326 1670 1456 1707 vero
1483 1669 1582 1722 ego
1614 1653 1809 1707 aﬂlicta
1848 1652 2058 1719 cingor.

484 1752 740 1820 Optatius
772 1751 914 1805 enim
958 1760 1062 1814 est,
1097 1760 1326 1803 mortem
1371 1750 1544 1815 obire,
1579 1763 1738 1817 quam
1787 1747 1840 1801 in
1872 1747 2059 1802 dolore

492 1845 700 1898 vivere.
736 1843 910 1908 Quam
953 1842 1232 1896 miseriam
1266 1842 1466 1912 primo,
1512 1855 1676 1908 quam
1716 1839 1932 1893 deﬂebo
1959 1854 2062 1909 po-

485 1935 736 1990 stremo?
767 1935 918 1989 Totis
947 1935 1077 1988 mibi
1110 1949 1250 2004 opus
1289 1935 1428 1988 foret
1457 1933 1774 1987 ﬂuminibus
1800 1933 1851 1985 in
1881 1933 2063 2002 lacry-

489 2041 607 2080 mas
636 2026 808 2080 versis
829 2068 846 2089 ,
889 2025 934 2078 si
965 2025 1261 2095 unicuique
1294 2025 1615 2094 singulatim
1649 2040 1828 2079 essem
1865 2025 2064 2080 immo-

487 2126 699 2173 ratura.
728 2117 924 2171 lllusns
963 2133 1022 2172 es
1076 2126 1154 2178 tu.
1211 2133 1312 2184 ego
1343 2134 1426 2170 me
1461 2117 1674 2185 ploratu
1718 2116 1930 2170 confeci
1962 2132 1977 2184 ;
2008 2126 2064 2170 ιιι

487 2209 737 2278 colaphis
774 2222 951 2262 c:esus
982 2223 1061 2268 es.
1094 2223 1196 2276 ego
1230 2205 1426 2260 faciem
1465 2207 1598 2268 texi,
1635 2206 1892 2260 intuitum
1934 2205 2068 2259 solis

490 2314 841 2370 nequaquam
881 2299 1094 2365 ferens;
1142 2308 1198 2352 tu
1259 2308 1421 2367 sputo
1457 2309 1856 2368 conspui-catus
1895 2296 2070 2351 diﬂ'lu-

490 2389 645 2454 xisti,
679 2403 765 2441 me.
798 2388 1092 2458 ignominia
1159 2391 1262 2443 ista
1313 2388 1514 2459 coegit,
1564 2397 1732 2442 totam
1765 2404 1850 2441 me
1900 2388 2075 2454 lacry-

495 2481 600 2535 mis
641 2480 922 2549 perluere;
968 2491 1020 2533 tu
1057 2496 1297 2550 purpura
1324 2495 1446 2534 cum
1479 2480 1757 2535 derisione
1806 2495 1866 2533 es
1916 2479 2076 2533 indu-

497 2583 609 2639 tus,
644 2572 776 2625 mihi
811 2573 856 2626 si
894 2575 1018 2640 quis
1049 2588 1270 2626 saccum
1309 2573 1593 2642 lugubrem
1639 2569 1973 2640 perrexisset
1997 2569 2073 2640 (6)

498 2659 734 2714 libenter
792 2654 1191 2728 amplexantem
1253 2661 1518 2724 vidisset;
1583 2669 1734 2714 tuum
1804 2660 2077 2714 arundine

498 2761 666 2823 eaput
712 2761 796 2806 est
833 2767 1176 2821 percussum,
1213 2768 1314 2822 ego
1373 2768 1552 2806 meum
1611 2763 1774 2821 caput
1823 2752 2078 2806 manibus

507 2841 791 2912 contudit
829 2851 885 2896 tu
942 2841 1127 2910 ﬂagris
1175 2843 1414 2896 laniatus
1467 2859 1550 2907 es,
1600 2858 1702 2912 ego
1770 2859 1856 2898 me
1912 2851 2079 2896 totam

501 2937 763 3005 discerpsi
818 2953 832 2991 :
885 2945 943 2990 tu
975 2953 1273 3006 suspensus
1317 2952 1410 3002 es,
1438 2953 1538 3008 ego
1584 2955 1692 3006 pra:
1717 2938 1908 2992 dolore
1947 2953 2084 2992 cou-

2155 473 2495 541 ἀνασχοῦσα,
2531 473 2658 526 καθ’
2685 474 2754 544 ἦν
2777 474 2869 525 τὸν
2898 474 3027 526 Υἱδν
3074 473 3212 529 εἶδον
3239 479 3297 530 ὲν
3334 479 3468 546 ξύλῳ
3515 500 3679 551 xpetu-

2159 565 2377 630 σθέντα,
2413 566 2887 634 -προσηλωθέντα,
2935 567 3103 640 λόγχη
3142 569 3239 637 τὴν
3304 571 3530 637 πλευρὰν
3576 575 3677 644 ὀρυ-

2158 655 2359 718 γέντα,
2395 655 2568 708 τᾶλλα
2625 655 2897 721 παθόντα,
2943 653 3024 719 οἷς
3079 659 3201 710 οὐδὲ
3235 659 3570 726 προσϐάλλειν
3609 668 3681 734 τὴν

2158 743 2400 796 διάνοιαν
2459 745 2636 812 φέρω.
2699 745 2828 805 Πῶς
2868 745 2969 799 οὐκ
3033 747 3327 818 ἀπέρῤηξα
3390 750 3482 817 τὴν
3524 754 3681 822 ψυχὴν,

2158 834 2322 902 ἡνίκα
2349 833 2418 884 τὰ
2442 835 2618 904 πικρὰ
2652 835 2828 887 ταῦτα
2861 839 3108 907 παρόντα
3140 838 3329 908 ἑώρων
3356 856 3371 906 ;
3413 841 3590 894 Ὀπότε
3615 850 3684 897 καὶ

2161 924 2279 983 νῦν,
2320 923 2386 976 ἂν
2421 926 2629 976 τούτων
2683 924 2937 993 μνησθῶ,
2990 927 3159 994 ἐγγὺς
3213 928 3308 980 τοῧ
3366 935 3687 1000 καταστρέψαι

2161 1020 2383 1085 γίνομαι
2405 1019 2502 1084 τὴν
2534 1020 2682 1087 ζωήν
2710 1035 2725 1085 ;
2759 1019 2919 1084 Οῖμοι
2937 1022 3035 1087 τῆς
3060 1019 3183 1086 σῆς,
3208 1015 3254 1074 ὦ
3275 1022 3478 1089 τέκνον,
3499 1031 3687 1091 σφαγῆς

2162 1112 2311 1176 οἴμοι
2349 1111 2493 1177 μάλα
2530 1108 2710 1172 αὖθις,
2753 1111 2829 1173 ὼς
2871 1112 3071 1174 ἀδίκους
3119 1113 3482 1180 ὲσταὺρωσαι,
3511 1115 3576 1176 ὡς
3599 1119 3690 1170 avd-

2167 1220 2282 1270 μιοις
2318 1204 2702 1271 προσηλῶσαι,
2735 1203 2809 1264 ῶς
2839 1185 3074 1266 ἀνοσίως
3103 1205 3481 1275 λελόγχευσαι.
3510 1207 3588 1260 Ἐν
3609 1211 3691 1262 65'.-

2163 1297 2273 1355 ννιῖς
2305 1296 2404 1361 μὲν
2431 1295 2492 1360 ἐξ
2520 1295 2828 1364 ἀνθρώπων
2867 1298 3140 1366 μετέστης
3187 1298 3352 1360 αὐτός
3383 1315 3398 1330 ·
3427 1301 3480 1350 ἐν
3511 1300 3696 1353 δεινοτέ-

2167 1404 2278 1454 ροις
2300 1388 2355 1440 δὲ
2384 1388 2736 1457 κατελήφθην
2775 1388 2905 1456 ἐγώ.
2960 1389 3069 1443 Τοῦ
3129 1391 3236 1458 γὰρ
3297 1393 3354 1442 ὲν
3405 1390 3540 1463 λύπῃ
3584 1393 3698 1458 βιοῦν

2165 1477 2391 1542 ἄμεινον
2436 1479 2498 1530 τὸ
2525 1479 2730 1532 θανεῖν.
2785 1478 2850 1530 Τί
2881 1482 2992 1530 τῶν
3042 1479 3390 1550 παθημάτων
3421 1481 3633 1548 πρῶτον,
3657 1484 3698 1532 τί

2165 1567 2214 1620 δ’
2263 1567 2494 1620 ὕστατον
2547 1568 3170 1638 ἁποδύρωμαι;”ολων
3223 1569 3433 1638 μοιδεῖ
3483 1572 3702 1637 ποταμῶν

2172 1662 2555 1726 μεταστάντων
2582 1661 2659 1722 είς
2686 1659 2919 1729 δάκρυα,
2941 1661 2990 1711 εί
3021 1662 3135 1722 τοῖς
3164 1661 3290 1712 καθ’
3319 1661 3538 1713 ἕκαστον
3559 1662 3705 1728 μέλλω

2166 1749 2463 1814 ἐπεξιέναι.
2499 1752 2884 1821 Ἕνεπαίχθηςο
2921 1751 3033 1818 ἐγὼ
3060 1752 3114 1804 δὲ
3144 1770 3212 1804 πε
3225 1755 3277 1823 ρ“ι
3300 1753 3522 1820 θρήνους
3551 1754 3708 1806 ἐσπού-

2164 1838 2324 1893 δασα.
2383 1838 2795 1911 Ἐρῤαπίσθηςο
2857 1839 2966 1908 ἐγὼ
3024 1841 3082 1893 δὲ
3144 1845 3202 1893 τδ
3257 1842 3538 1911 πρόσωπον
3589 1859 3703 1893 save-

2167 1929 2406 1995 γάλυψα,
2429 1931 2502 1998 μὴ
2525 1931 2765 2000 φέρουσα
2790 1931 2880 1983 τὸν
2905 1932 3058 2000 ἣλιον
3090 1932 3334 2001 βλέπειν.
3362 1932 3702 2001 Ἔνεπτύσθηςο

2170 2026 2295 2088 ἐμοὶ
2329 2024 2476 2076 δὲτὸ
2531 2024 2703 2087 πάθος
2751 2025 3050 2077 ἐπέταττεν
3090 2025 3220 2093 ὅλην
3291 2027 3528 2094 ἐμαυτὴν
3569 2027 3709 2078 λούειν

2167 2117 2276 2176 τοῖς
2315 2115 2566 2183 δάκρυσι.
2631 2113 2925 2183 Πορφύραν
2981 2114 3122 2181 μετὰ
3179 2114 3424 2180 γέλωτος
3455 2115 3709 2182 ἐνεδὺθηςθ

2174 2209 2298 2270 ἐμοὶ
2330 2206 2375 2258 δ’
2407 2207 2483 2277 λεῐ
2511 2223 2597 2268 τις
2639 2206 2869 2268 πένθους
2918 2206 3095 2274 ὤρεγε
3141 2207 3368 2271 σάκκον,
3406 2209 3634 2273 ἀσμένως
3658 2201 3712 2257 εἷο

2171 2298 2259 2349 δεν
2292 2297 2358 2350 ἂν
2391 2296 2822 2366 ὑποδεχομένην.
2855 2297 3106 2364 Καλάμῳ
3173 2295 3278 2367 τὴν
3337 2296 3576 2365 κεφαλὴν
3615 2297 3712 2348 ἐτυ-

2175 2388 2412 2460 πτήθης·
2445 2387 2556 2454 ἐγὼ
2582 2387 2625 2440 δ’
2659 2389 2906 2457 ἐμαυτῆς
2936 2388 3182 2456 κεφαλὴν
3208 2389 3522 2457 ἑκοπτὸμην
3545 2388 3713 2456 χερσίν.

2189 2478 2683 2550 Ἐφραγγελλώθης
2708 2496 2720 2508 ·
2756 2479 2866 2546 ἐγὼ
2895 2479 2941 2533 δ’
2977 2479 3233 2549 ἐμαυτὴν
3284 2480 3416 2548 ὃλην
3467 2479 3713 2542 κατέξανσ.

2177 2572 2556 2641 Ἀνηρτηθηςο
2614 2569 2725 2637 ἐγὼ
2776 2570 2821 2622 δ’
2876 2569 2982 2623 ὑπὸ
3047 2571 3142 2639 τῆς
3207 2571 3404 2641 ὀδύνης,
3440 2571 3715 2621 κατέπεσον.

2182 2661 2585 2733 Προσηλώθης·
2623 2661 2736 2729 ἐγὼ
2776 2661 2824 2714 δ’
2847 2662 3109 2732 ἀκίνητος
3154 2663 3390 2732 Emtae.
3414 2663 3575 2730 Χοὶὴν
3617 2663 3717 2711 ἐπ)-

2181 2756 2370 2822 τίσθηε
2409 2756 2508 2806 σὺν
2533 2755 2666 2818 ὄξει·
2705 2755 2804 2824 τὴν
2836 2754 2880 2806 δ’
2919 2755 3164 2822 ἐμαυτῆς
3201 2758 3432 2822 πικρίαν
3462 2755 3565 2813 πῶς
3589 2754 3716 2810 6a»:-

2185 2847 2266 2898 θῶ
2299 2847 2549 2915 φράσαις
2582 2845 2947 2909 Ἐξέπνευσας
2978 2862 2993 2877 ο
3061 2845 3172 2912 ἐγὼ
3231 2845 3293 2898 δὲ
3348 2847 3490 2915 παρὰ
3541 2851 3716 2913 μικρὸν.

2200 2938 2564 3004 Ἐλογχεύθης
2588 2953 2603 2965 ·
2640 2937 2777 3005 ἐμοῦ
2809 2938 2863 2989 δὲ
2898 2937 2993 3004 τὴν
3056 2938 3293 3007 καρδίαν
3353 2939 3504 3006 ξίφος
3546 2935 3718 3001 διῆλθεν

501 3031 608 3084 ridi
633 3049 648 3097 ;
679 3041 735 3086 tu
761 3025 930 3087 clavis
956 3033 1107 3087 cruci
1135 3047 1194 3086 es
1225 3032 1442 3092 aﬂixus.
1467 3047 1566 3102 ego
1593 3032 1765 3102 rigida
1784 3042 1836 3086 et
1859 3033 2079 3085 immota

2187 3029 2305 3094 ὀξύ.
2337 3031 2446 3081 Καὶ
2476 3030 2570 3082 νῦν
2597 3029 2828 3081 ὕστατον
2859 3030 2916 3080 ὲν
2947 3029 3106 3099 τάφῳ
3133 3031 3317 3082 κεῖσαι
3356 3029 3560 3098 νεκρός.
3595 3027 3721 3092 Titii

505 3125 720 3193 mansi;
752 3132 810 3178 tu
855 3123 925 3178 fel
960 3139 1086 3178 cum
1124 3136 1278 3180 aceto
1323 3125 1534 3186 bibisti,
1593 3139 1767 3178 meam
1811 3125 2080 3178 amaritu-

511 3214 696 3268 dinem
731 3231 843 3284 quo
894 3224 1054 3285 pacto
1113 3215 1301 3285 eloqui
1361 3213 2084 3285 possemlexspirasti,,ego

509 3307 896 3376 propemodum
934 3309 1130 3364 :basta
1175 3309 1455 3364 sauciatus
1525 3323 1605 3372 es.
1647 3323 1828 3364 meum
1881 3323 1980 3364 cor
2043 3317 2236 3364 acutus
2294 3307 2598 3378 penetravit
2647 3311 2798 3360 ensls

2195 3121 2239 3172 δ’
2273 3121 2582 3191 ἀθλιώτερα
2612 3121 2709 3174 καὶ
2742 3121 2983 3192 νεκρῶν,
3021 3120 3117 3174 καὶ
3151 3120 3368 3174 πολλῶν
3397 3121 3622 3173 θανάτων
3649 3121 3718 3185 βα-

2199 3217 2425 3285 ρύτερσ..

2846 3322 2861 3358 :
2910 3306 3145 3375 denique
3207 3321 3360 3360 nunc
3417 3308 3469 3357 ln
3519 3301 3724 3371 sepulcro

509 3405 659 3474 iaces
694 3413 968 3472 mortuus,
1026 3421 1148 3461 mea
1180 3404 1427 3461 conditio
1457 3405 1625 3460 etiam
1660 3414 2002 3461 mortuorum
2043 3404 2364 3464 conditione
2411 3413 2494 3458 est
2545 3400 2912 3457 miserabilior
2952 3409 3007 3455 et
3051 3399 3240 3454 multis
3267 3401 3455 3454 mortis
3489 3387 3726 3468 generibus

513 3515 756 3568 gravnor.

585 3591 805 3648 Utinam
835 3591 889 3645 in
923 3581 1164 3660 Egypto
1191 3599 1367 3645 tecmn
1397 3599 1450 3643 et
1479 3597 1701 3660 propter
1736 3598 1790 3644 te
1813 3631 1828 3653 ,
1863 3588 1965 3645 Fili
1991 3589 2088 3651 mi,

517 3684 648 3740 illuc
677 3682 942 3751 profecta,
977 3682 1332 3742 mansissem,
1359 3697 1460 3735 nec
1488 3682 1600 3735 ulla
1634 3682 1717 3735 via
1776 3681 1842 3735 ad
1869 3679 2090 3736 Iudaeos

519 3775 866 3829 revertissem
888 3773 902 3826 l
927 3770 1134 3826 Forsan
1163 3775 1310 3826 enim
1345 3790 1449 3827 non
1483 3774 1780 3828 assiderem
1806 3789 1951 3827 nunc
1973 3789 2096 3826 mu-

523 3877 578 3920 to
607 3867 734 3920 huic
760 3865 957 3935 lapidi,
991 3865 1158 3932 lapidi
1203 3863 1340 3919 meis
1377 3865 1634 3936 lacryiuis
1671 3866 1933 3932 madenti,
1964 3881 2098 3920 mte—

525 3972 704 4011 rurem
746 3969 984 4010 mmrore
1007 3964 1172 4024 atque
1207 3954 1396 4010 dolore
1446 3956 1751 4010 cumulans.
1787 3955 2101 4026 Opportune

525 4048 940 4110 declinavimus,
963 4063 995 4102 o
1020 4047 1176 4112 Nate,
1206 4057 1335 4102 tunc
1367 4049 1630 4118 temporis
1656 4049 1895 4104 furorem
1929 4047 2102 4104 Hero-

526 4140 636 4196 dis.
667 4140 722 4194 ln
752 4141 1056 4209 peregrina,
1092 4155 1257 4209 quam
1311 4141 1558 4209 propria,
1615 4155 1788 4210 eaque
1849 4155 1971 4210 quae
2008 4155 2106 4196 nos

529 4232 655 4286 tulit
683 4240 735 4286 ct
759 4231 1035 4295 educavit,
1073 4231 1237 4284 vitam
1259 4229 1520 4285 duximus
1553 4233 1836 4287 tutiorem.
1867 4230 2107 4284 Debebat

529 4321 666 4374 alter
688 4322 897 4375 scilicet
932 4319 1172 4375 Herodes
1202 4321 1402 4374 iterum
1432 4320 1499 4374 ad
1564 4330 1794 4375 mortem
1835 4321 2092 4389 persequi

528 4413 768 4466 animam
837 4420 1008 4476 tuam,
1073 4410 1340 4476 Herodes,
1391 4411 1638 4480 inquam,
1713 4426 1837 4466 cum
1906 4410 2100 4476 Pilato,
2138 4389 2177 4442 θ

533 4503 799 4558 ιιιίνντδιισ
857 4511 907 4558 te
967 4502 1378 4570 conspiratione
1410 4502 1669 4558 conﬂata.
1722 4503 1904 4572 Atque
1958 4517 2105 4557 nunc

525 4573 755 4664 quidem
789 4601 1018 4646 mortem
1053 4593 1306 4661 Oppetisti
1359 4603 1436 4658 tu,
1472 4609 1572 4663 ego
1617 4608 1748 4648 vero
1796 4594 2105 4648 miserrima

533 4691 710 4738 mater
740 4683 942 4752 gemitu
973 4683 1328 4738 contabesco.
1360 4681 1685 4738 Delecerunt
1706 4698 1897 4738 omnes
1924 4684 2104 4746 amici,

536 4776 779 4842 adeoque
810 4773 1086 4843 discipuli,
1115 4775 1193 4827 tui
1226 4774 1476 4844 exemplo
1505 4776 1755 4829 securius
1779 4791 1836 4832 se
1867 4776 2112 4829 contine-

539 4881 601 4919 re
633 4863 776 4918 docti
813 4881 827 4918 :
865 4880 930 4919 ac
999 4865 1328 4919 incumbens
1385 4866 1687 4934 periculum
1721 4865 1847 4934 fuga
1881 4866 2110 4920 evitant.

543 4958 639 5010 "et
666 4957 831 5011 mihi!
863 4959 1007 5027 quod
1039 4959 1203 5010 etiam
1231 4957 1537 5012 latronibus
1568 4957 1722 5027 pejor
1753 4957 1830 5012 sis
1863 4957 2106 5012 arstima-

541 5062 654 5116 tus,
687 5061 742 5106 et
771 5049 1040 5106 Bari-abas
1067 5050 1133 5105 ad
1163 5051 1353 5116 vitam,
1388 5060 1440 5104 tu
1467 5049 1531 5104 ad
1563 5059 1792 5102 mortem
1826 5051 1903 5104 sis
1953 5065 2116 5120 expe-

547 5152 698 5197 rtus.
736 5143 917 5197 Multis
943 5151 997 5195 tu
1019 5143 1240 5213 quidem
1262 5143 1532 5196 matribus
1559 5157 1589 5195 e
1615 5149 1794 5196 morte
1827 5143 2112 5196 restituisti

545 5240 767 5303 liberos,
799 5247 964 5306 atque
992 5239 1044 5292 id
1074 5252 1219 5291 nunc
1245 5239 1505 5308 gaudent,
1529 5244 1584 5291 et
1605 5235 1707 5289 sibi
1731 5237 2115 5306 gratulantur:

546 5330 680 5385 mibi
715 5348 843 5388 vero
866 5331 1060 5401 ecquid
1092 5330 1200 5384 tale
1224 5328 1496 5396 contigit?
1539 5335 1816 5382 mortuum
1850 5335 1902 5381 te
1935 5328 2118 5397 lugere

546 5426 864 5496 unigenam,
917 5422 1302 5495 primigenam,
1331 5435 1432 5475 cur
1485 5434 1594 5475 non
1628 5435 1713 5476 me
1751 5419 2121 5490 prohibuisti?

2275 3583 2362 3644 Ὠς
2391 3581 2598 3649 ὤφελον
2638 3583 2694 3633 ὲν
2713 3580 2976 3650 Αἰγύπτῳ
3023 3579 3226 3648 μένειν,
3261 3577 3487 3647 φίλτατε
3521 3576 3630 3637 Παῖ,
3656 3573 3725 3624 σὺν

2191 3675 2277 3727 σοὶ
2308 3677 2399 3724 καὶ
2425 3671 2516 3725 διὰ
2561 3673 2620 3724 σὲ
2651 3670 2940 3737 κατιοῦσα,
2981 3671 3076 3724 καὶ
3139 3669 3410 3739 μηδαμῶς
3455 3669 3581 3738 πρὸς
3627 3667 3725 3718 Ἰου-

2190 3764 2369 3827 δαίους
2397 3764 2678 3816 ἐπανιέναι
2705 3765 2719 3816 ι
2753 3762 2888 3816 Οὐδὲ
2917 3765 3025 3831 γὰρ
3058 3763 3125 3814 ἂν
3157 3761 3291 3826 ἴσως
3329 3760 3461 3830 λίθῳ
3507 3758 3590 3811 νῦν
3613 3756 3726 3809 κλαίσ

2195 3875 2336 3911 ουσα
2353 3855 2764 3925 παρεκαθήμην
2791 3854 2981 3924 κωφῷ,
3014 3854 3148 3923 λίθῳ
3171 3852 3516 3922 ποτιζομένῳ
3547 3849 3631 3920 μὲν
3646 3850 3728 3906 τοῖς

2202 3951 2360 4020 ἐμοῖς
2395 3949 2682 4020 δάκρυσιν,
2739 3950 2830 4000 ἐπὶ
2861 3949 2920 4001 δὲ
2970 3948 3175 4009 λύπαις
3229 3947 3414 4010 λύπας
3449 3947 3536 4000 καὶ
3579 3943 3728 4000 ὀδύνας

2203 4059 2294 4110 μοι
2318 4039 2682 4109 γεωργοῦντι.
2719 4039 2916 4098 Καλῶς
2945 4040 3177 4102 ἐκεῖνον,
3209 4031 3253 4091 ὦ
3295 4041 3418 4102 παῖ,
3449 4039 3538 4091 τδν
3582 4034 3730 4107 χρόνον

2211 4134 2462 4187 ἐκκλῖναι
2495 4134 2594 4204 τὴν
2636 4132 2878 4202 Ἡρώδου
2917 4132 3117 4201 μανίαν
3157 4133 3312 4202 ἠμῖνσ
3355 4129 3636 4199 ἐξεγένετο.
3667 4123 3730 4178 ’Δ-

2206 4225 2585 4296 σφαλέστερον
2620 4225 2715 4277 ἐπὶ
2751 4224 2851 4292 τῆς
2901 4223 3060 4293 ξένης
3087 4223 3120 4293 ἢ
3151 4222 3252 4286 τῆς
3289 4221 3637 4291 ἐνεγκαμένης
3660 4213 3730 4283 τὴν

2206 4319 2423 4371 δίαιταν
2474 4317 2732 4386 ἔσχομεν.
2800 4316 3034 4386 Ἔμελλε
3083 4316 3139 4369 δὲ
3195 4317 3304 4386 ἄρα
3340 4316 3500 4370 πάλιν
3534 4307 3732 4379 Ἡρώδης

2207 4410 2396 4480 ἕτερος
2425 4411 2501 4472 είς
2535 4410 2764 4462 θάνατον
2793 4409 2893 4478 τὴν
2917 4408 3099 4478 ψυχήν
3145 4425 3240 4461 σου
3291 4406 3494 4479 ζητεῖν.
3536 4399 3734 4473 Ἡρώδης

2212 4504 2306 4554 καί
2340 4499 2570 4562 Πιλᾶτος
2595 4501 2722 4570 ἄρτι
2749 4500 2895 4552 κατὰ
2944 4500 3040 4552 σοῦ
3100 4495 3630 4570 συμπεφρονηκότες.
3656 4489 3736 4541 Καὶ

2212 4592 2270 4644 δὲ
2301 4591 2398 4646 νῦν
2428 4590 2703 4660 τέθνηκας
2732 4591 2830 4660 μὲν
2859 4591 2945 4656 σὺ,
2980 4591 3153 4644 στένω
3170 4590 3215 4644 δ’
3252 4591 3280 4661 ἡ
3327 4589 3508 4659 μήτηρ
3531 4581 3644 4651 ἐγώ.
3665 4577 3737 4630 Φί-

2213 4684 2296 4737 λοι
2329 4700 2388 4736 τε
2422 4685 2620 4745 πάντες
2673 4675 2901 4753 ᾤχοντο,
2959 4684 3054 4735 καὶ
3115 4681 3376 4752 μαθηταὶ,
3410 4679 3485 4748 τῷ
3535 4671 3657 4728 κατὰ
3696 4667 3738 4717 σὲ

2217 4775 2587 4845 ὑποδείγματι
2633 4776 2729 4844 τῆς
2795 4773 3098 4843 ἀσφαλείας
3153 4772 3460 4843 γενόμενοι.
3495 4766 3625 4836 φυγῇ
3669 4758 3738 4810 τὸν

2220 4871 2616 4941 ἐπιφερόμενον
2657 4869 3046 4939 ἀποτρίσονται
3073 4865 3344 4919 κίνδυνον.
3382 4861 3555 4931 Οἷμοι,
3583 4848 3739 4909 ὄτικαὶ

2220 4963 2432 5034 λῃστῶν
2484 4963 2684 5032 χείρων
2712 4961 3013 5030 λελόγισαι,
3061 4967 3155 5013 καὶ
3186 4956 3477 5029 Βαραϐϐᾶν
3518 4951 3608 5016 μὲν
3635 4942 3739 5012 πρὸς

2223 5056 2503 5123 σωτηρίαν
2535 5054 2872 5125 ἐξῃτήσαντο
2892 5069 2906 5084 ⁶
2938 5055 3000 5105 σὲ
3020 5051 3077 5104 δὲ
3111 5051 3249 5120 πρὸς
3281 5049 3525 5103 θάνατον.
3557 5034 3736 5092 [Ιολλαῖε

2227 5147 2326 5212 μὲν
2379 5147 2656 5216 μητράσιν
2693 5144 2972 5204 ἀνέδωκας
3035 5143 3100 5194 ὲκ
3138 5141 3368 5194 θανάτου
3414 5137 3535 5195 τοὺς
3563 5127 3723 5182 παῖδας

2225 5242 2319 5292 καὶ
2351 5241 2606 5310 χαὶρουσι
2637 5239 2734 5292 νῦν
2761 5255 2774 5269 ·
2808 5239 2908 5306 ἐμὲ
2930 5237 2987 5289 δὲ
3022 5234 3074 5288 τί
3103 5234 3301 5299 scina;
3354 5229 3539 5298 νεκρόν
3565 5239 3615 5275 σε
3642 5221 3692 5282 δί’

2227 5333 2361 5395 νεῖν,
2389 5332 2481 5383 τὸν
2525 5329 2816 5400 μονογενῆ,
2866 5328 2961 5382 τὸν
3019 5329 3388 5398 πρωτότοκον,
3437 5320 3532 5373 οὐκ
3580 5310 3741 5406 inii):-

2232 5437 2370 5489 σας-5
2401 5421 2772 5494 Ὠμμάτωσας
2813 5421 2912 5492 μὲν
2971 5421 3037 5473 σὺ
3070 5418 3330 5487 τυφλοὺς,
3384 5410 3577 5479 κωφοῖς
3604 5414 3739 5464 παρε-

629 5624 703 5688 (6)
753 5625 789 5675 Α
847 5635 994 5676 more
1031 5620 1234 5677 Judteis
1263 5621 1391 5676 olim
1431 5632 1648 5690 recepto
1678 5623 1778 5678 hoc
1839 5622 2074 5692 accepit,
2103 5619 2194 5692 qui
2237 5621 2292 5676 in
2346 5620 2509 5678 rebus
2550 5620 2764 5676 aﬂliclis
2810 5635 3030 5678 saccum
3088 5613 3430 5675 inducebaut,
3463 5615 3517 5661 ιιι
3547 5603 3592 5656 iu
3623 5594 3740 5650 Nlm'

562 5708 799 5745 \worum
834 5692 1059 5746 historia
1095 5697 1323 5764 legimus
1354 5693 1495 5765 (Jun.
1532 5697 1593 5762 I).
