3996 6202
405 220 521 304 ϊιοὲι

1346 246 1635 306 ORATIO
1680 247 1762 307 IN
1799 248 2318 312 SEPULTURAM
2356 255 2422 315 Ι).
2468 255 2542 316 Ν.
2588 255 2642 317 Ι.
2682 258 2745 316 C.

3565 261 3672 326 εηι

405 376 571 428 σχους
604 358 795 426 ἀκοὴν,
851 357 1168 428 ἐτράνωσας
1203 359 1386 431 φωνην
1422 360 1738 430 μογιλάλου,
1775 363 1980 432 ἡρτίω·

2086 365 2272 422 Caecos
2323 368 2540 424 videndi
2596 386 2825 425 munere
2877 370 3128 439 donasti,
3182 373 3370 430 surdis
3421 377 3667 431 auditum

406 467 500 513 σας
533 449 763 510 κυλλούς
812 452 1004 519 χεῖρας
1073 450 1168 502 καὶ
1199 451 1390 513 πόδας,
1438 452 1648 521 μυρίων
1680 453 1820 507 ὅσων
1855 454 1984 506 θαυ-

412 545 602 610 μάτων
653 543 887 610 γέγονας
924 541 1257 609 αὐτουργὸς,
1313 543 1373 593 τὸ
1437 543 1719 611 μέγιστον,
1758 545 1986 613 νεκροὺς

404 636 638 702 ἤγειρας
674 631 748 693 ὡς
773 631 834 696 ἐξ
863 631 1056 684 ὕπνου.
1096 630 1240 698 Ἐγὼ
1270 630 1315 682 δ’
1368 633 1750 702 ἐσεμνυνόμην
1780 634 1984 688 τοιοῦδε

405 727 597 788 Παιδδς
629 724 908 778 ἀκούουσα
943 729 1146 794 μήτηρ.
1188 717 1264 776 Οὐ
1320 723 1419 792 μὲν
1469 724 1580 792 γὰρ
1634 724 1740 775 σῶν
1792 728 1982 794 μνήμη

403 819 725 886 θαυμάτων,
764 818 884 868 ἐκεῖ
945 817 1041 868 καὶ
1077 816 1240 875 αὐτὸς
1294 815 1480 883 παρῆς
1538 815 1978 884 εὐφημούμενος.

403 911 476 963 Οὐ
509 911 566 962 δὲ
606 912 692 963 σοὶ
737 913 806 962 τὰ
833 911 932 977 τῆς
961 909 1240 978 εὐφημίας
1275 909 1515 976 ἀνῆγον,
1546 908 1661 959 ἐκεῖ
1692 908 1834 975 κάμὲ
1889 909 1986 978 τὴν

403 1005 744 1070 γεννήσασαν
781 1001 972 1070 ⁴Ιγξίουν
1010 999 1341 1068 μακαριοῦν.
1402 1000 1535 1051 Νυνὶ
1590 999 1648 1050 δὲ
1681 1001 1814 1050 πᾶσι
1864 998 1990 1050 τού-

407 1112 518 1156 τοις
545 1095 750 1162 βραχὺς
777 1093 979 1161 ἢρκεσε
1007 1094 1198 1159 χρόνος
1253 1092 1334 1152 εἱς
1373 1091 1584 1158 δάκρυα
1625 1091 1720 1142 καὶ
1752 1092 1984 1159 θρήνους

412 1187 762 1252 μεταπεσεῖν.
800 1182 1076 1234 Συνέπαθέ
1113 1197 1196 1231 σοι
1237 1181 1330 1231 καὶ
1379 1182 1636 1247 ἡκτίσις,
1685 1179 1800 1230 Υίέ.
1846 1179 1984 1233 ἈΠ’

408 1275 435 1326 ὃ
463 1291 518 1326 τι
549 1275 654 1325 τῶν
691 1273 973 1341 στοιχείων
999 1273 1235 1322 ἕκαστον
1283 1271 1384 1322 ἀνὰ
1442 1273 1606 1339 μέρος
1657 1270 1974 1338 ὑπέμεινεν,

407 1365 558 1417 οὐδὲν
588 1365 792 1416 τούτων
820 1361 887 1432 ἦν
920 1363 1148 1429 κοῦφον,
1192 1361 1270 1424 ὡς
1313 1362 1388 1431 μὴ
1417 1360 1706 1430 προσθήκη
1742 1364 1853 1423 τοῖς
1886 1360 1981 1413 ἄλ-

406 1456 518 1518 λοις
549 1457 844 1525 γενόμενον
898 1457 1086 1522 ἱκανὴ,
1119 1457 1290 1506 πᾶσιν
1346 1455 1462 1522 ἅμα
1505 1454 1603 1518 τὴν
1661 1451 1842 1520 ψυχήν
1893 1470 1984 1519 μοι

407 1555 806 1623 καταδραμεῖν.
857 1553 934 1604 Οὐ
992 1553 1100 1622 μὴν
1139 1553 1196 1604 δὲ
1238 1551 1374 1604 ἀλλὰ
1430 1551 1527 1603 καὶ
1578 1552 1791 1620 ἑκάστῳ
1845 1568 1985 1619 συμ-

407 1645 668 1714 πτώματι
722 1647 1027 1715 προσήκειν
1094 1643 1348 1714 ὲνόμιξον
1383 1647 1615 1712 ἐμαυτῇ,
1653 1641 1985 1710 κατάλληλον

403 1742 661 1810 δέχεσθαι
722 1743 821 1811 τὴν
901 1741 1142 1810 πληγήν.
1215 1741 1615 1810 Ἐσκοτιζόμην
1676 1741 1783 1812 γὰρ
1836 1740 1986 1809 ἡλίου
2023 1725 2059 1778 Β

407 1833 811 1900 σκοτιζομένου
843 1849 857 1864 ο
893 1835 989 1886 καὶ
1023 1833 1124 1902 γῆς
1159 1833 1453 1901 σειομένης
1489 1833 1762 1884 ἐκλονεῖτὸ
1795 1848 1886 1898 μοι
1922 1831 1990 1882 τὰ

409 1926 549 1994 μέλη
567 1941 578 1952 ⁸
603 1924 671 1975 ἂν
700 1923 1092 1993 διερρήγνυντο
1119 1923 1319 1991 πέτραι
1350 1925 1445 1974 καὶ
1471 1922 1717 1989 ἐσχίζετο
1755 1921 1990 1974 καταπέο

407 2032 614 2085 τασμα,
665 2015 786 2066 οὐδὲ
845 2015 944 2082 τῆς
979 2013 1120 2082 ἐμῆς
1169 2014 1400 2082 καρδίας
1441 2014 1473 2082 ἡ
1508 2013 1662 2084 ῥῆξις
1721 2013 1984 2080 ἐφείδετο.

407 2099 691 2176 Μνήματα
722 2104 1054 2175 ἀνεῴγνυτο,
1088 2106 1181 2157 καὶ
1221 2109 1330 2157 τῶν
1381 2106 1474 2156 ἐπὶ
1525 2107 1727 2173 τάφους
1758 2107 1986 2174 ἐκφερο-

415 2201 596 2268 μένων
624 2198 778 2251 οὐδέν
819 2198 1045 2266 ἄμεινον
1072 2192 1239 2264 εἶχον.
1298 2199 1537 2260 Ποσάγις
1565 2198 1632 2250 ἄν
1683 2215 1763 2260 τις
1803 2200 1984 2266 ἁπηγ-

409 2291 634 2359 γέλλετο
663 2291 769 2342 τῶν
795 2289 1069 2342 Ἰουδαίων
1102 2290 1296 2358 ἐνέδρα
1352 2290 1492 2342 κατὰ
1541 2290 1658 2356 σοῦ,
1692 2293 1788 2342 καὶ
1823 2291 1986 2360 χαλε-

409 2384 654 2451 πώτερον
681 2381 789 2449 ἐγὼ
819 2380 913 2432 τοῦ
948 2372 1406 2450 σκευωρουμένου
1435 2381 1525 2433 τὸν
1562 2383 1806 2435 κίνδυνον
1836 2384 1984 2452 ὑφω-

413 2473 624 2545 ρώμην.
653 2474 728 2525 Οὐ
760 2473 871 2541 γὰρ
905 2472 1040 2540 ἠερίη
1067 2473 1126 2523 τὸ
1179 2473 1306 2540 περὶ
1373 2474 1431 2523 σὲ
1466 2471 1687 2541 φίλτρον
1746 2475 1839 2524 ἐπὶ
1889 2491 1985 2542 με-

407 2567 574 2635 τρίων
604 2568 695 2618 τὸν
722 2565 1005 2634 λογισμὸν,
1038 2564 1152 2615 ἀλλ’
1183 2563 1514 2615 ὑπώπτευον
1549 2564 1682 2633 περὶ
1709 2563 1806 2616 σοῦ
1835 2566 1980 2634 ἇπερ

405 2657 524 2710 οὐδὲ
575 2657 702 2726 περὶ
734 2656 900 2708 αὐτοῦ
933 2672 1018 2718 τις
1049 2655 1412 2709 ὑπώπτευσεν
1458 2656 1545 2710 ἄν.
1584 2657 1784 2720 Λίθους
1832 2659 1982 2728 atpo-

375 2749 603 2818 ,μένους
647 2749 866 2820 ἥκουσα
923 2748 1068 2800 κατὰ
1113 2747 1231 2810 σοῦ,
1291 2750 1386 2800 καὶ
1443 2747 1594 2814 λίθου
1637 2747 1979 2817 ψυχροτέρας

325 2863 336 2868 ·
406 2841 653 2908 ἐμαυτῆς
675 2841 1016 2910 ᾐσθανόμην.
1054 2839 1119 2890 Τί
1168 2839 1268 2905 δέ;
1332 2839 1638 2908 Ἐονησκεν
1699 2839 1976 2910 Ἰωάννης,

409 2930 506 2980 καὶ
541 2931 624 2980 σοὶ
660 2929 720 2980 τὸ
753 2928 900 2996 ξίφος
934 2929 1246 2979 ἐπικεῖσθαι
1270 2927 1682 2997 ἐφανταζόμην.
1719 2929 1816 2980 ’ον
1845 2929 1976 2980 ἀνα-

2097 456 2456 523 instaurasti,
2518 459 2795 529 impeditis
2861 463 3045 532 lingua
3101 480 3286 520 vocem
3340 467 3667 535 explanasti,

2096 565 2294 603 manus
2346 559 2400 604 ct
2447 552 2611 619 pedes
2649 567 2874 607 mancos
2910 554 2962 607 in
3026 555 3296 624 integrum
3355 557 3670 620 restituisti,

2093 650 2425 708 quantorum
2469 650 2523 696 et
2561 658 2724 712 quam
2791 645 3085 700 multorum
3153 649 3542 702 miraculorum
3612 661 3668 703 ιιι

2100 747 2244 785 unus
2293 731 2444 785 fuisti
2476 743 2690 798 auctor,
2725 748 2788 786 ac
2825 736 2968 803 quod
3014 734 3250 790 maxime
3279 747 3385 800 est,
3421 749 3670 793 mortuos

2092 821 2239 874 velut
2295 837 2360 873 ex
2417 838 2610 876 somno
2649 823 2725 892 (7)
2789 810 3166 880 exsuscitasti.
3209 829 3318 898 Ego
3359 829 3500 896 quod
3542 831 3670 882 talis

2099 908 2222 962 Filii
2285 911 2459 964 Mater
2519 927 2766 972 vocarer,
2803 914 3100 982 gloriabar.
3161 915 3484 985 Ubicunque
3523 919 3668 970 enim

2112 1009 2332 1054 tttorum
2373 1002 2763 1054 miraculorum
2797 1013 2913 1056 erat
2947 1005 3274 1070 recordatio,
3311 1008 3382 1060 ibi
3408 1016 3460 1060 rt
3488 1020 3540 1061 tu
3573 1007 3669 1060 be-

2094 1106 2159 1144 ne
2194 1090 2428 1145 andiens
2462 1092 2656 1145 aderas
2690 1109 2704 1158 ;
2751 1111 2858 1158 quo
2886 1109 3011 1148 vero
3040 1095 3114 1147 ttti
3145 1096 3284 1149 fama
3323 1107 3667 1164 pervenerat,

2093 1183 2206 1238 illic
2235 1194 2424 1248 etme,
2452 1201 2575 1253 qua:
2614 1195 2666 1239 te
2721 1186 3056 1253 genuissem,
3109 1188 3317 1244 felicem
3367 1191 3670 1258 pra‘dican-

2092 1276 2216 1328 dam
2251 1277 2570 1332 censebant.
2632 1275 2786 1331 Nunc
2823 1294 2956 1332 vero
3002 1280 3256 1349 exiguum
3311 1291 3526 1350 tempus
3587 1296 3668 1335 sat

2095 1367 2216 1430 fuit,
2250 1368 2314 1421 ad
2361 1368 2716 1436 pervertenda
2778 1369 2891 1424 haec
2944 1370 2995 1423 in
3050 1371 3207 1424 lletus
3267 1380 3320 1424 et
3377 1373 3664 1444 lacrymas.

2093 1460 2376 1513 Commota
2407 1469 2490 1513 est
2520 1470 2724 1528 autem,
2753 1461 2888 1517 Nate
2917 1464 3010 1527 mi,
3040 1472 3129 1516 tua
3154 1463 3450 1517 amictione
3489 1469 3668 1518 omnis

2093 1563 2366 1605 creatura.
2403 1554 2629 1620 Atqttod
2662 1557 3091 1624 unumquodque
3124 1557 3521 1610 elementorum
3553 1574 3667 1610 52n-

2096 1643 2317 1710 gulatim
2359 1645 2699 1708 sustinuerit,
2758 1661 2863 1698 non
2924 1645 3142 1700 diﬂicile
3201 1647 3302 1700 fuit
3355 1649 3565 1709 videre,
3600 1665 3666 1702 ne

2091 1751 2194 1805 qua
2227 1738 2470 1790 accessio
2506 1740 2594 1791 liat
2628 1739 2838 1792 earteris
2871 1740 3054 1790 animo
3083 1753 3206 1792 meo
3237 1741 3662 1807 percurreudis:

2090 1843 2214 1882 cum
2243 1839 2424 1881 tamen
2457 1830 2521 1882 ad
2557 1845 2640 1883 me
2678 1833 2947 1899 pertinere
2971 1832 3288 1899 judicarint,
3331 1847 3663 1900 unoquoque

2091 1935 2220 1973 casu
2253 1936 2350 1974 cor
2411 1937 2592 1974 meum
2625 1923 2866 1990 percelli.
2904 1924 3189 1994 Siquidem
3252 1926 3365 1980 sole
3423 1927 3661 1980 tenebris

2088 2011 2350 2076 obducto,
2383 2013 2620 2066 obducta
2653 2028 2774 2066 sum
2811 2017 3090 2082 tenebris;
3138 2031 3200 2069 ac
3242 2028 3385 2070 terra
3418 2033 3660 2072 concus-

2089 2119 2171 2167 sa,
2203 2119 2472 2158 concussa
2526 2115 2653 2158 sunt
2685 2106 2814 2158 m'ibi
2859 2109 3122 2162 membra.
3163 2111 3299 2161 (lum
3353 2125 3478 2162 vero
3525 2124 3658 2164 saxa

2088 2203 2218 2248 sunt
2289 2195 2561 2263 perlissa,
2615 2205 2668 2248 et
2709 2197 2888 2250 velum
2941 2197 3258 2262 discissum,
3320 2215 3427 2252 non
3482 2200 3658 2269 potuit

2087 2303 2184 2341 cor
2231 2302 2408 2340 meum
2446 2303 2552 2340 non
2609 2288 2841 2342 discindi
2884 2306 2900 2344 :
2956 2291 3204 2357 sepulcra
3273 2301 3400 2345 sunt
3449 2305 3654 2359 aperta,

2085 2395 2183 2449 ego
2208 2379 2347 2433 baud
2384 2381 2542 2434 aliter
2571 2381 2643 2435 fui
2681 2382 2892 2445 alTecta,
2916 2398 3076 2452 quam
3103 2383 3200 2452 Qui
3228 2385 3294 2436 ad
3316 2386 3654 2453 sepulturam

2083 2473 2407 2527 elfetutttur.
2451 2472 2677 2538 Quoties
2713 2475 2838 2543 quis
2877 2475 3159 2528 nuntiabat
3195 2485 3434 2530 structas
3490 2477 3583 2528 tibi
3625 2491 3664 2553 η

2082 2565 2286 2620 ludatis
2319 2565 2570 2629 insidias,
2625 2569 2844 2634 gravius
2880 2581 2979 2634 ego
3038 2567 3290 2620 timebam
3353 2568 3656 2637 periculum

2085 2673 2262 2711 vero:
2296 2673 2474 2728 neque
2501 2658 2643 2712 enim
2689 2657 2765 2711 tui
2826 2673 2982 2711 amor
3027 2657 3172 2713 leves
3225 2659 3654 2713 solliiitudinum

2081 2749 2442 2816 cogitationes
2479 2747 2610 2801 tnilti
2677 2747 2979 2816 injiciebat,
3044 2749 3138 2802 sed
3180 2752 3482 2802 metuebam
3549 2749 3648 2802 tibi

2081 2855 2141 2893 ea
2173 2856 2290 2909 quur:
2321 2856 2477 2894 nemo
2503 2840 2602 2894 sibi
2640 2841 2754 2910 ipse
2780 2849 3062 2894 metueret.
3089 2839 3320 2910 Lapides
3358 2843 3408 2893 in
3437 2850 3490 2894 te
3519 2841 3654 2895 sub-

2081 2932 2219 2987 latos
2275 2931 2496 2996 audivi,
2556 2948 2619 2985 ac
2681 2949 2768 2985 me
2827 2933 3003 3001 lapide
3066 2935 3211 2988 sensi
3295 2934 3651 3002 frigidiorcm.

401 3020 601 3086 .6ι.έψαι
629 3021 940 3086 πεποίηκας
969 3018 1236 3085 ἐξεϐλήθη
1261 3019 1356 3071 τοῦ
1379 3019 1686 3087 συνεδρίου,
1707 3019 1802 3070 καὶ
1834 3019 1975 3071 κατὰ

2086 3026 2224 3089 Quid
2255 3025 2420 3079 vero?
2451 3025 2708 3079 occubuit
2748 3023 3013 3089 Jo.mnes,
3055 3038 3107 3080 et
3133 3036 3240 3080 tuae
3265 3029 3462 3080 cervici
3494 3045 3656 3081 secu-

403 3118 497 3168 σού
525 3115 696 3184 βαρὺν
719 3113 1011 3165 ἀνεπόλουν
1039 3112 1128 3164 τὸν
1159 3110 1420 3180 διωγμόν.
1447 3111 1480 3145 *ί
1506 3113 1601 3174 Τίς
1628 3112 1707 3164 ἔτι
1729 3113 1978 3181 Λάζαρος

403 3195 494 3257 τὸν
529 3203 759 3254 θάνατον
811 3203 1068 3271 ἐκφυγὼν
1120 3203 1224 3254 ὐπὸ
1277 3201 1370 3254 σοῦ
1420 3202 1558 3272 πρὸς
1609 3204 1772 3270 φόνον
1825 3202 1979 3265 αὐθις

400 3296 761 3362 ἀνηρευνᾱτο,
783 3294 876 3346 καὶ
908 3297 970 3345 τὸ
988 3295 1116 3363 περὶ
1138 3297 1195 3345 σέ
1226 3311 1317 3364 μοι
1349 3295 1463 3354 δέος
1489 3293 1794 3346 ἀνενεοῦτο.
1836 3295 1978 3348 Ἀλλ’

398 3389 584 3437 ἐκεῖνα
616 3386 714 3453 μὲν
740 3389 866 3456 ἄχρι
898 3387 990 3438 τοῦ
1024 3388 1190 3454 φόϐον
1253 3385 1592 3454 παρέχεσθαι
1641 3386 1940 3456 προύὁαινε
1962 3403 1994 3423 ἰ

402 3477 469 3528 τὰ
499 3478 556 3528 δὲ
593 3477 686 3528 νῦν
714 3477 860 3538 τέλος
890 3479 987 3546 μὲν
1020 3479 1207 3546 φόϐοις
1250 3479 1544 3546 ἐπέθηκεν,
1580 3478 1758 3548 ἀρχὴν
1793 3479 1848 3531 δέ
1885 3496 1975 3548 μοι

401 3569 619 3637 θρήνων
681 3572 776 3620 καὶ
823 3569 1074 3639 ὀδυρμῶν
1131 3572 1484 3640 ὲνεστήσατο.
1523 3571 1634 3626 Καὶ
1675 3571 1858 3642 θρηνῶ
1918 3588 1978 3624 σε

401 3659 489 3708 δια
513 3657 680 3709 ταῦτα
712 3657 806 3710 καὶ
832 3658 1092 3727 ὀδύρομαι
1124 3661 1216 3712 ἐπὶ
1250 3663 1355 3725 σοὶ,
1390 3662 1599 3727 τέκνον,
1631 3662 1725 3712 καὶ
1754 3660 1864 3713 τῶν
1894 3661 1981 3712 δαι

401 3749 586 3818 κρύων
618 3751 717 3802 οὐκ
735 3746 850 3802 οἶδα
885 3753 964 3816 τίς
1000 3751 1177 3821 ἐφέξει
1216 3769 1281 3820 με
1321 3752 1538 3822 χρόνος.

2084 3119 2184 3169 rim
2218 3118 2619 3185 impendentem
2653 3118 2947 3186 ﬁngebam.
2980 3118 3027 3171 Is
3066 3118 3152 3170 cui
3187 3125 3243 3169 ttt
3275 3117 3451 3170 visum
3482 3115 3658 3171 dona-

2083 3217 2190 3267 ras,
2225 3218 2254 3256 e
2294 3218 2565 3274 synagoga
2602 3213 2686 3257 est
2716 3204 2947 3272 ejectus,
2979 3213 3032 3257 et
3067 3222 3166 3273 ego
3191 3221 3388 3258 saevam
3420 3209 3496 3258 tui
3533 3223 3657 3275 per-

2079 3307 2418 3348 secutionem
2448 3295 2587 3364 apud
2623 3311 2706 3348 me
2740 3297 3050 3349 volvebam.
3079 3296 3198 3350 Jam
3241 3313 3367 3350 vero
3409 3297 3654 3352 Lazarus

2083 3394 2177 3439 tuo
2226 3386 2492 3439 beneﬁcio
2555 3397 2729 3440 morte
2785 3397 3090 3455 exemptus,
3149 3388 3214 3440 ad
3285 3402 3470 3442 necem
3531 3406 3656 3442 rur-

2082 3493 2202 3531 sum
2239 3487 2322 3531 est
2351 3480 2636 3545 quaesitus,
2672 3487 2725 3532 et
2775 3479 2860 3531 hic
2895 3480 2961 3531 de
2999 3491 3050 3532 tc
3105 3481 3236 3533 mibi
3273 3485 3653 3535 renovabatur

2082 3566 2342 3622 formido.
2379 3566 2484 3621 Sed
2516 3568 2630 3620 haec
2684 3582 2750 3621 eo
2808 3580 2934 3620 sunt
2973 3583 3289 3637 progressa,
3338 3580 3398 3623 ut
3447 3583 3649 3624 metum

2084 3661 2369 3715 attulerint
2398 3675 2413 3726 ;
2445 3675 2564 3728 (IIHB
2595 3673 2724 3712 vero
2753 3676 2896 3712 nunr
2923 3669 3248 3726 evenerunt,
3280 3661 3439 3715 linem
3477 3663 3650 3714 metui

2082 3753 2490 3821 imposuerunt,
2530 3757 2696 3820 atque
2718 3750 2934 3804 initimn
2976 3752 3141 3806 ﬂetus
3173 3763 3233 3806 et
3281 3753 3465 3806 luctus
3513 3754 3647 3807 mini

399 3847 768 3900 adduxerunt.
802 3848 897 3913 Te,
928 3847 1086 3915 Nate,
1121 3857 1341 3920 prepter
1374 3849 1490 3903 haec
1529 3848 1726 3914 deﬂeo,
1763 3856 1818 3904 et
1877 3858 1972 3904 tuo
2011 3849 2232 3904 nomine
2264 3849 2442 3918 ploro,
2476 3861 2579 3901 nec
2623 3845 2738 3902 scio
2805 3847 2974 3914 diem,
3017 3863 3136 3918 quan
3201 3865 3350 3906 meas
3381 3852 3648 3921 lacrymas

402 3949 595 4000 sistere
620 3949 814 4016 possit.

487 4041 643 4092 Ἐᾶτέ
677 4057 765 4107 με,
797 4039 1056 4105 γυναῖκες
1108 4036 1633 4107 παραμυθούμεναι.
1664 4037 1834 4107 Εἴπερ
1857 4036 1967 4107 γὰρ

404 4132 675 4201 θαλάττης
698 4131 759 4182 τὸ
795 4129 1165 4201 τραχύνεσθαι
1184 4130 1395 4199 κύμασι
1441 4133 1508 4199 τῇ
1542 4129 1632 4200 βίᾳ.
1688 4129 1795 4183 τῶν
1846 4130 1970 4182 ἀνέ-

407 4239 524 4290 μων
553 4223 974 4289 τινασσομένης,
1007 4222 1101 4272 καὶ
1133 4220 1396 4286 ποταμῶν
1431 4220 1520 4287 ἀφ’
1570 4219 1775 4288 ὑψηλοῦ
1803 4237 1971 4272 κατα-

401 4314 712 4383 ρασσόντων
741 4313 814 4381 μὴ
847 4311 1113 4382 φέρεσθαι
1137 4311 1268 4364 ἄνευ
1293 4313 1446 4380 ἤχου,
1475 4312 1571 4364 καὶ
1599 4312 1753 4381 ὲμὺν,
1785 4312 1961 4379 εἰμὴ·
2003 4359 2044 4413 D

395 4423 501 4475 τηρ
537 4404 668 4473 ἐγὼ,
716 4405 807 4457 τὸν
855 4406 1066 4473 ἀτίμως
1109 4403 1247 4471 ὁμοῦ
1317 4405 1410 4456 καὶ
1451 4403 1650 4465 ἀδίκως
1691 4403 1787 4470 τῆς
1821 4403 1966 4470 ζωῆς

395 4500 794 4568 ἐκχωρήσαντα
850 4497 1107 4564 φίλτατον
1177 4497 1302 4546 Υἱον
1361 4494 1742 4562 ὀλοφύρεσθαι.
1814 4493 1969 4561 Ἐμοὶ

396 4590 502 4656 γὰρ
540 4590 599 4640 τὸ
633 4587 733 4656 μὲι
770 4587 889 4638 ὅλον
933 4583 1002 4655 ἦν
1037 4585 1426 4652 συγκατελθεῖν
1456 4583 1532 4650 τῷ
1566 4582 1679 4651 Υίῴ
1718 4584 1811 4632 καὶ
1845 4597 1970 4632 συν-

395 4683 530 4732 εῖναι
590 4679 711 4732 καθ’
766 4677 916 4748 ᾅδου.
972 4677 1127 4728 Ἐπεὶ
1177 4678 1232 4729 δέ
1287 4695 1355 4745 με
1410 4677 1594 4744 πάσης
1645 4674 1741 4742 τῆς
1778 4674 1969 4724 ἐπιθυ-ν

397 4776 523 4838 μίας
546 4771 731 4838 τυχεῖν
761 4769 821 4819 οὐ
859 4771 1138 4836 συγχωρεῖ
1171 4769 1243 4832 sit
1274 4771 1371 4837 τῆς
1408 4765 1644 4835 φύσεως,
1682 4765 1808 4817 ὅσον
1838 4762 1968 4831 γοῦν

395 4861 605 4928 ἐμαυτῇ
640 4859 972 4928 χαρίσασθαι
998 4858 1161 4927 ἱκανὴ
1215 4859 1464 4926 γίνομαι,
1505 4858 1606 4909 οὐκ
1637 4857 1970 4925 ἀφιλόστορ-

395 4968 490 5016 γος
531 4951 941 5018 ἐλεγχθήσομαι
983 4951 1189 5019 μήτηρ.
1250 4950 1325 5000 Οὐ
1367 4947 1627 5016 διαλείψω
1696 4946 1972 5016 θρηνοῦσα

393 5042 451 5094 ὃν
475 5046 615 5095 κατὰ
653 5045 890 5111 γαστρὸς
939 5044 1169 5111 ἤνεγκα,
1225 5040 1284 5091 ὃν
1333 5041 1410 5101 είς
1470 5042 1581 5107 φὼς
1626 5039 1744 5090 τόδε
1798 5039 1972 5108 προή-

399 5150 593 5200 νεγκα,
643 5135 702 5185 ὃν
736 5136 1088 5203 ἐθρεψάμην.
1153 5133 1226 5185 Οὐ
1266 5133 1586 5197 συγκαλέσω
1635 5129 1965 5198 θρηνούσας,

397 5225 486 5275 ἵνα
525 5242 612 5292 μοι
649 5228 714 5276 τὰ
771 5226 984 5294 δάκρυα
1027 5224 1474 5293 προκαλέσωνται.
1509 5233 1522 5249 ⁸
1565 5221 1968 5292 προκέκληνται

391 5315 498 5383 γὰρ
532 5315 747 5366 οἴκοθεν
783 5323 876 5366 και
901 5313 1328 5383 παρώρμηνται,
1371 5311 1466 5363 καὶ
1519 5312 1822 5378 προάγεται
1849 5313 1962 5372 τοῖς

389 5406 688 5475 ὀφθαλμοῖς
719 5404 980 5474 ἄχθεσθαι
1013 5405 1138 5474 ἤδη,
1179 5405 1263 5456 ὅτι
1297 5404 1371 5472 μὴ
1426 5402 1610 5463 αὐτοῖς
1656 5401 1959 5471 εὐρυτέραν

460 5515 537 5585 (7)
573 5515 835 5568 Somnum
871 5524 1026 5569 vocat
1055 5516 1298 5583 corporis
1347 5525 1397 5567 et
1423 5513 1588 5566 animi
1638 5513 1956 5567 dissolutio-

387 5603 511 5641 nem
535 5603 600 5641 ex
626 5589 874 5639 doctrina
930 5601 1101 5654 ipsms
1145 5588 1372 5648 uicisti,
1416 5601 1508 5652 qui
1555 5596 1799 5650 mortuos
1835 5593 1960 5635 aur-

389 5672 519 5710 mtre
550 5659 709 5723 dixit,
770 5658 844 5710 uti
877 5656 1148 5711 Lazarum
1178 5667 1518 5723 metet-osque
1552 5669 1690 5724 quos
1723 5673 1752 5707 c
1803 5671 1949 5708 mor-

2145 4032 2316 4088 Sinite
2336 4047 2440 4094 me,
2474 4046 2596 4100 quas
2627 4031 2730 4084 buc
2757 4030 3015 4085 solatium
3043 4031 3285 4084 allatura:
3310 4031 3646 4085 accessistis.

2079 4127 2362 4180 mulieres.
2411 4123 2465 4176 Si
2499 4125 2643 4176 enim
2685 4138 2830 4176 mare
2871 4121 3127 4176 ﬂuctibus
3165 4132 3219 4176 et
3273 4123 3320 4176 vi
3369 4126 3645 4176 turbatum

2080 4227 2366 4269 ventorum
2404 4230 2510 4268 non
2551 4222 2731 4282 potest
2764 4229 2870 4265 non
2909 4216 3298 4277 intumescere,
3333 4202 3389 4267 et
3420 4203 3645 4268 ﬂumina

2082 4324 2148 4362 ex
2183 4309 2294 4359 alto
2330 4304 2641 4358 delabentia
2672 4303 2879 4372 absque
2917 4307 3096 4359 sonitu
3142 4305 3272 4359 ferri
3309 4320 3590 4374 nequeunt
3629 4324 3642 4358 ε

2079 4408 2227 4452 certe
2253 4397 2371 4451 ﬁeri
2405 4412 2513 4450 non
2541 4403 2741 4463 potest,
2783 4396 2831 4448 si
2869 4396 3030 4450 modo
3058 4413 3158 4465 ego
3195 4410 3368 4450 mater
3402 4415 3548 4461 sum,
3588 4409 3648 4452 ut

2081 4506 2188 4543 non
2226 4489 2437 4557 lugeam
2493 4483 2688 4538 Filium
2733 4487 3135 4540 cliarissitnum.
3181 4488 3450 4542 Debebunt
3501 4491 3645 4542 enim

2081 4581 2413 4635 descendere
2457 4593 2640 4632 comes
2697 4578 2977 4631 individua
3037 4580 3196 4633 simul
3253 4597 3376 4634 cum
3410 4580 3468 4635 Fi
3495 4581 3548 4635 io
3582 4585 3644 4636 a'd

2081 4670 2308 4733 inferos,
2367 4678 2725 4739 posteaquam
2755 4670 2901 4722 nulla
2934 4684 3019 4723 me
3051 4671 3326 4740 voluptate
3355 4673 3460 4726 frui
3494 4682 3649 4726 natu-

2077 4776 2136 4816 ra
2170 4763 2457 4830 permittit.
2494 4761 2660 4827 Atqui
2701 4768 2824 4812 utar
2846 4777 2932 4823 co,
2969 4760 3112 4829 quod
3138 4763 3328 4816 saltem
3364 4765 3494 4817 mihi
3533 4768 3646 4834 ipsa

2077 4855 2373 4907 conciliare
2429 4867 2690 4920 possum,
2767 4853 2965 4906 solatio
3024 4869 3038 4905 :
3123 4868 3230 4907 non
3291 4870 3389 4921 ego
3449 4872 3647 4924 expers

2073 4943 2528 5013 arguanpietatis
2551 4957 2676 5011 erga
2723 4941 2918 4995 Filium
2956 4942 3127 4997 Mater
3160 4962 3177 5001 :
3214 4949 3339 5012 {non
3375 4945 3642 5013 desinam,

2074 5051 2235 5102 quem
2264 5045 2418 5088 utero
2467 5035 2698 5102 gestavi,
2731 5034 2930 5088 deflere
2979 5050 2992 5086 :
3059 5052 3163 5089 non
3217 5037 3529 5090 com-orabo
3563 5040 3640 5104 (8)

2070 5125 2213 5189 illas,
2238 5141 2358 5193 qua:
2387 5125 2692 5192 dcplol'cnl,
2723 5140 2881 5192 quem
2919 5125 2973 5177 in
3003 5124 3143 5178 hanc
3177 5127 3351 5179 lucem
3386 5133 3637 5195 produxi,

2071 5228 2122 5272 et
2161 5235 2321 5288 quem
2351 5217 2602 5278 educavi,
2637 5225 2694 5268 ut
2740 5217 2869 5268 mihi
2927 5227 3295 5285 provoccutur
3351 5217 3638 5285 lacryma-;

2076 5312 2416 5380 propendent
2446 5311 2589 5362 enim
2630 5318 2681 5360 et
2723 5317 3044 5370 erumpunt,
3082 5319 3245 5376 atque
3285 5308 3439 5362 dolor
3460 5311 3638 5362 oculis

2073 5403 2341 5467 oboritur,
2392 5402 2534 5470 quod
2586 5403 2793 5453 exitum
2847 5401 2953 5453 illis
3013 5416 3122 5453 non
3182 5400 3310 5455 dent
3360 5401 3630 5456 latiorem.

2069 5517 2181 5568 tuis
2203 5518 2270 5568 ad
2300 5513 2795 5585 virusrevocaii-t,
2837 5583 2846 5585 4
2912 5581 2931 5585 _
2993 5582 3002 5585 Α
3060 5574 3072 5585 _

2138 5585 2215 5656 ιδ)
2248 5584 2372 5639 Πωο
2401 5585 2744 5638 consuetudo
2776 5583 2875 5638 fuit
2903 5581 3239 5638 Judxbrum.
