  <div class='ocr_page' id='page_1' title='image "/cluster/home/n/w/nwhite01/storage/ocr_20150623/147/hvd.32044073502619/512.png"; bbox 0 0 3996 6202; ppageno 0'>
   <div class='ocr_carea' id='block_1_1' title="bbox 344 278 471 338">
    <p class='ocr_par' dir='ltr' id='par_1_1' title="bbox 344 278 471 338">
     <span class='ocr_line' id='line_1_1' title="bbox 344 278 471 338; baseline 0 0"><span class='ocrx_word' id='word_1_1' title='bbox 344 278 471 338; x_wconf 71' lang='lat' dir='ltr'><strong>ll‘lll</strong></span> 
     </span>
    </p>
   </div>
   <div class='ocr_carea' id='block_1_2' title="bbox 1248 262 2622 338">
    <p class='ocr_par' dir='ltr' id='par_1_2' title="bbox 1248 262 2622 338">
     <span class='ocr_line' id='line_1_2' title="bbox 1248 262 2622 338; baseline -0.003 0"><span class='ocrx_word' id='word_1_2' title='bbox 1248 278 1536 338; x_wconf 76' lang='lat' dir='ltr'><strong>ORATIO</strong></span> <span class='ocrx_word' id='word_1_3' title='bbox 1575 271 1652 337; x_wconf 81' lang='lat' dir='ltr'><strong>IN</strong></span> <span class='ocrx_word' id='word_1_4' title='bbox 1698 262 2217 337; x_wconf 71' lang='lat' dir='ltr'><strong>SEPULTURAM</strong></span> <span class='ocrx_word' id='word_1_5' title='bbox 2263 272 2326 334; x_wconf 86' lang='grc' dir='ltr'>ι).</span> <span class='ocrx_word' id='word_1_6' title='bbox 2363 273 2436 334; x_wconf 78' lang='grc' dir='ltr'>Ν.</span> <span class='ocrx_word' id='word_1_7' title='bbox 2469 268 2522 331; x_wconf 86' lang='lat' dir='ltr'><strong>J.</strong></span> <span class='ocrx_word' id='word_1_8' title='bbox 2560 269 2622 334; x_wconf 85' lang='lat' dir='ltr'><strong>c.</strong></span> 
     </span>
    </p>
   </div>
   <div class='ocr_carea' id='block_1_3' title="bbox 3444 267 3580 330">
    <p class='ocr_par' dir='ltr' id='par_1_3' title="bbox 3444 267 3580 330">
     <span class='ocr_line' id='line_1_3' title="bbox 3444 267 3580 330; baseline -0.015 0"><span class='ocrx_word' id='word_1_9' title='bbox 3444 267 3580 330; x_wconf 61' lang='grc' dir='ltr'><strong>ἔθθὲ</strong></span> 
     </span>
    </p>
   </div>
   <div class='ocr_carea' id='block_1_4' title="bbox 333 376 1919 461">
    <p class='ocr_par' dir='ltr' id='par_1_4' title="bbox 333 385 1908 461">
     <span class='ocr_line' id='line_1_4' title="bbox 333 385 1908 461; baseline -0.001 -20"><span class='ocrx_word' id='word_1_10' title='bbox 333 392 440 441; x_wconf 72' lang='grc' dir='ltr'>τῶν</span> <span class='ocrx_word' id='word_1_11' title='bbox 467 388 654 441; x_wconf 77' lang='grc' dir='ltr'>κακῶν</span> <span class='ocrx_word' id='word_1_12' title='bbox 679 389 692 442; x_wconf 78' lang='grc' dir='ltr'><strong>ι</strong></span> <span class='ocrx_word' id='word_1_13' title='bbox 741 388 870 458; x_wconf 76' lang='grc' dir='ltr'><strong>Ἐμὲ</strong></span> <span class='ocrx_word' id='word_1_14' title='bbox 904 389 1002 458; x_wconf 81' lang='grc' dir='ltr'><strong>μὲν</strong></span> <span class='ocrx_word' id='word_1_15' title='bbox 1025 385 1113 442; x_wconf 67' lang='grc' dir='ltr'>οῗα</span> <span class='ocrx_word' id='word_1_16' title='bbox 1139 389 1246 442; x_wconf 82' lang='grc' dir='ltr'>τῶν</span> <span class='ocrx_word' id='word_1_17' title='bbox 1276 391 1452 443; x_wconf 78' lang='grc' dir='ltr'>ἄλλων</span> <span class='ocrx_word' id='word_1_18' title='bbox 1501 390 1705 461; x_wconf 70' lang='grc' dir='ltr'>βραχὺς</span> <span class='ocrx_word' id='word_1_19' title='bbox 1737 391 1908 458; x_wconf 74' lang='grc' dir='ltr'>είσῃει</span> 
     </span>
    </p>
   </div>
   <div class='ocr_carea' id='block_1_5' title="bbox 2022 376 3578 461">
    <p class='ocr_par' dir='ltr' id='par_1_5' title="bbox 2022 376 3578 451">
     <span class='ocr_line' id='line_1_5' title="bbox 2022 376 3578 451; baseline -0.004 -16"><span class='ocrx_word' id='word_1_20' title='bbox 2022 401 2115 438; x_wconf 85' lang='lat' dir='ltr'><strong>nus</strong></span> <span class='ocrx_word' id='word_1_21' title='bbox 2167 384 2270 437; x_wconf 89' lang='lat' dir='ltr'><strong>sub</strong></span> <span class='ocrx_word' id='word_1_22' title='bbox 2296 384 2426 451; x_wconf 77' lang='lat' dir='ltr'><strong>jugo</strong></span> <span class='ocrx_word' id='word_1_23' title='bbox 2466 380 2883 446; x_wconf 57' lang='lat' dir='ltr'><strong>nostrodetenli</strong></span> <span class='ocrx_word' id='word_1_24' title='bbox 2938 378 3176 432; x_wconf 77' lang='lat' dir='ltr'><strong>fuerunt.</strong></span> <span class='ocrx_word' id='word_1_25' title='bbox 3231 376 3345 431; x_wconf 68' lang='lat' dir='ltr'><strong>Heu</strong></span> <span class='ocrx_word' id='word_1_26' title='bbox 3402 378 3578 429; x_wconf 72' lang='lat' dir='ltr'><strong>mala?</strong></span> 
     </span>
    </p>
   </div>
   <div class='ocr_carea' id='block_1_6' title="bbox 333 479 1905 550">
    <p class='ocr_par' dir='ltr' id='par_1_6' title="bbox 333 479 1905 550">
     <span class='ocr_line' id='line_1_6' title="bbox 333 479 1905 550; baseline 0 -18"><span class='ocrx_word' id='word_1_27' title='bbox 333 480 496 546; x_wconf 59' lang='grc' dir='ltr'>δεῦρο</span> <span class='ocrx_word' id='word_1_28' title='bbox 524 481 829 534; x_wconf 79' lang='grc' dir='ltr'><strong>κατιόντων</strong></span> <span class='ocrx_word' id='word_1_29' title='bbox 859 480 1040 549; x_wconf 86' lang='grc' dir='ltr'>λόγος,</span> <span class='ocrx_word' id='word_1_30' title='bbox 1077 481 1189 532; x_wconf 74' lang='grc' dir='ltr'>δεῖν</span> <span class='ocrx_word' id='word_1_31' title='bbox 1229 481 1388 550; x_wconf 77' lang='grc' dir='ltr'>ᾤμην</span> <span class='ocrx_word' id='word_1_32' title='bbox 1417 483 1510 533; x_wconf 78' lang='grc' dir='ltr'>καὶ</span> <span class='ocrx_word' id='word_1_33' title='bbox 1546 481 1737 532; x_wconf 84' lang='grc' dir='ltr'>τοῦτον</span> <span class='ocrx_word' id='word_1_34' title='bbox 1772 479 1905 546; x_wconf 77' lang='grc' dir='ltr'>παρ’</span> 
     </span>
    </p>
   </div>
   <div class='ocr_carea' id='block_1_7' title="bbox 332 569 1908 644">
    <p class='ocr_par' dir='ltr' id='par_1_7' title="bbox 332 569 1908 644">
     <span class='ocr_line' id='line_1_7' title="bbox 332 569 1908 644; baseline -0.002 -20"><span class='ocrx_word' id='word_1_35' title='bbox 332 575 486 626; x_wconf 71' lang='grc' dir='ltr'>οὐδὲν</span> <span class='ocrx_word' id='word_1_36' title='bbox 516 576 694 641; x_wconf 62' lang='grc' dir='ltr'>ἄγειν.</span> <span class='ocrx_word' id='word_1_37' title='bbox 741 573 802 626; x_wconf 87' lang='grc'><strong>’0</strong></span> <span class='ocrx_word' id='word_1_38' title='bbox 855 573 902 625; x_wconf 83' lang='grc' dir='ltr'><strong>δ’</strong></span> <span class='ocrx_word' id='word_1_39' title='bbox 925 575 1051 643; x_wconf 79' lang='grc' dir='ltr'><strong>.-ἄρ’</strong></span> <span class='ocrx_word' id='word_1_40' title='bbox 1097 572 1429 642; x_wconf 76' lang='grc' dir='ltr'>ὑψηλότερος</span> <span class='ocrx_word' id='word_1_41' title='bbox 1472 569 1540 644; x_wconf 85' lang='grc' dir='ltr'><strong>ἦν</strong></span> <span class='ocrx_word' id='word_1_42' title='bbox 1603 573 1743 625; x_wconf 84' lang='grc' dir='ltr'>ὥστε</span> <span class='ocrx_word' id='word_1_43' title='bbox 1796 571 1908 622; x_wconf 84' lang='grc' dir='ltr'><strong>τῶν</strong></span> 
     </span>
    </p>
   </div>
   <div class='ocr_carea' id='block_1_8' title="bbox 337 645 1905 730">
    <p class='ocr_par' dir='ltr' id='par_1_8' title="bbox 337 661 1905 730">
     <span class='ocr_line' id='line_1_8' title="bbox 337 661 1905 730; baseline -0.002 -14"><span class='ocrx_word' id='word_1_44' title='bbox 337 666 528 716; x_wconf 80' lang='grc' dir='ltr'>ἐνθάδε</span> <span class='ocrx_word' id='word_1_45' title='bbox 561 663 1091 730; x_wconf 84' lang='grc' dir='ltr'>συγκεκλεισμένων</span> <span class='ocrx_word' id='word_1_46' title='bbox 1125 661 1207 726; x_wconf 78' lang='grc' dir='ltr'><strong>είς</strong></span> <span class='ocrx_word' id='word_1_47' title='bbox 1255 661 1398 716; x_wconf 74' lang='grc' dir='ltr'>εἶναι</span> <span class='ocrx_word' id='word_1_48' title='bbox 1431 663 1630 716; x_wconf 81' lang='grc' dir='ltr'>δοκεῖν.</span> <span class='ocrx_word' id='word_1_49' title='bbox 1689 661 1798 716; x_wconf 73' lang='grc' dir='ltr'><strong>Καὶ</strong></span> <span class='ocrx_word' id='word_1_50' title='bbox 1845 663 1905 713; x_wconf 74' lang='grc' dir='ltr'><strong>τὸ</strong></span> 
     </span>
    </p>
   </div>
   <div class='ocr_carea' id='block_1_9' title="bbox 342 753 1904 824">
    <p class='ocr_par' dir='ltr' id='par_1_9' title="bbox 342 753 1904 824">
     <span class='ocr_line' id='line_1_9' title="bbox 342 753 1904 824; baseline -0.001 -16"><span class='ocrx_word' id='word_1_51' title='bbox 342 758 442 824; x_wconf 80' lang='grc' dir='ltr'><strong>μὲν</strong></span> <span class='ocrx_word' id='word_1_52' title='bbox 467 757 562 809; x_wconf 73' lang='grc' dir='ltr'><strong>καὶ</strong></span> <span class='ocrx_word' id='word_1_53' title='bbox 588 753 777 808; x_wconf 88' lang='grc' dir='ltr'>τοῦτον</span> <span class='ocrx_word' id='word_1_54' title='bbox 795 757 907 814; x_wconf 82' lang='grc' dir='ltr'>τοῖς</span> <span class='ocrx_word' id='word_1_55' title='bbox 933 757 964 822; x_wconf 80' lang='grc' dir='ltr'>ἡ</span> <span class='ocrx_word' id='word_1_56' title='bbox 975 756 1068 822; x_wconf 80' lang='grc' dir='ltr'><strong>μίν</strong></span> <span class='ocrx_word' id='word_1_57' title='bbox 1099 755 1429 824; x_wconf 86' lang='grc' dir='ltr'>προσέχουσι</span> <span class='ocrx_word' id='word_1_58' title='bbox 1462 755 1678 824; x_wconf 82' lang='grc' dir='ltr'><strong>μέλλειν</strong></span> <span class='ocrx_word' id='word_1_59' title='bbox 1695 754 1904 823; x_wconf 19' lang='grc' dir='ltr'>,ἐγγρά-</span> 
     </span>
    </p>
   </div>
   <div class='ocr_carea' id='block_1_10' title="bbox 339 847 1904 918">
    <p class='ocr_par' dir='ltr' id='par_1_10' title="bbox 339 847 1904 918">
     <span class='ocr_line' id='line_1_10' title="bbox 339 847 1904 918; baseline 0.001 -19"><span class='ocrx_word' id='word_1_60' title='bbox 339 847 533 915; x_wconf 86' lang='grc' dir='ltr'>φεσθαι</span> <span class='ocrx_word' id='word_1_61' title='bbox 579 848 772 918; x_wconf 77' lang='grc' dir='ltr'>ἡδονὴν</span> <span class='ocrx_word' id='word_1_62' title='bbox 811 848 1048 918; x_wconf 85' lang='grc' dir='ltr'>παρεῖχέ</span> <span class='ocrx_word' id='word_1_63' title='bbox 1093 864 1252 901; x_wconf 89' lang='grc' dir='ltr'>τινα·</span> <span class='ocrx_word' id='word_1_64' title='bbox 1281 849 1343 900; x_wconf 84' lang='grc' dir='ltr'><strong>τὸ</strong></span> <span class='ocrx_word' id='word_1_65' title='bbox 1373 849 1428 901; x_wconf 83' lang='grc' dir='ltr'><strong>δέ</strong></span> <span class='ocrx_word' id='word_1_66' title='bbox 1464 849 1600 902; x_wconf 76' lang='grc' dir='ltr'>πᾶσι</span> <span class='ocrx_word' id='word_1_67' title='bbox 1652 847 1904 918; x_wconf 77' lang='grc' dir='ltr'><strong>δρασμοῦ</strong></span> 
     </span>
    </p>
   </div>
   <div class='ocr_carea' id='block_1_11' title="bbox 340 940 1903 1010">
    <p class='ocr_par' dir='ltr' id='par_1_11' title="bbox 340 940 1903 1010">
     <span class='ocr_line' id='line_1_11' title="bbox 340 940 1903 1010; baseline 0.003 -22"><span class='ocrx_word' id='word_1_68' title='bbox 340 942 526 1010; x_wconf 73' lang='grc' dir='ltr'>χώραν</span> <span class='ocrx_word' id='word_1_69' title='bbox 560 940 785 1004; x_wconf 76' lang='grc' dir='ltr'><strong>διδόναι,</strong></span> <span class='ocrx_word' id='word_1_70' title='bbox 818 940 979 993; x_wconf 87' lang='grc' dir='ltr'>τοῦτο</span> <span class='ocrx_word' id='word_1_71' title='bbox 1029 941 1086 993; x_wconf 82' lang='grc' dir='ltr'><strong>δέ</strong></span> <span class='ocrx_word' id='word_1_72' title='bbox 1147 940 1255 992; x_wconf 85' lang='grc' dir='ltr'>τῶν</span> <span class='ocrx_word' id='word_1_73' title='bbox 1316 940 1612 1009; x_wconf 68' lang='grc' dir='ltr'>συμφορῶν</span> <span class='ocrx_word' id='word_1_74' title='bbox 1657 940 1903 1010; x_wconf 78' lang='grc' dir='ltr'>ἔσχατον.</span> 
     </span>
    </p>
   </div>
   <div class='ocr_carea' id='block_1_12' title="bbox 343 1029 1908 1103">
    <p class='ocr_par' dir='ltr' id='par_1_12' title="bbox 343 1029 1908 1103">
     <span class='ocr_line' id='line_1_12' title="bbox 343 1029 1908 1103; baseline -0.001 -18"><span class='ocrx_word' id='word_1_75' title='bbox 343 1034 598 1102; x_wconf 74' lang='grc' dir='ltr'>’Ἄμεινον</span> <span class='ocrx_word' id='word_1_76' title='bbox 628 1029 696 1101; x_wconf 83' lang='grc' dir='ltr'>ἦν</span> <span class='ocrx_word' id='word_1_77' title='bbox 725 1051 814 1101; x_wconf 88' lang='grc' dir='ltr'><strong>μοι</strong></span> <span class='ocrx_word' id='word_1_78' title='bbox 846 1035 1065 1086; x_wconf 89' lang='grc' dir='ltr'>πάντων</span> <span class='ocrx_word' id='word_1_79' title='bbox 1095 1032 1227 1103; x_wconf 85' lang='grc' dir='ltr'>παρ’</span> <span class='ocrx_word' id='word_1_80' title='bbox 1259 1033 1354 1085; x_wconf 74' lang='grc' dir='ltr'><strong>ἕνα</strong></span> <span class='ocrx_word' id='word_1_81' title='bbox 1387 1033 1592 1085; x_wconf 85' lang='grc' dir='ltr'>τούτων</span> <span class='ocrx_word' id='word_1_82' title='bbox 1621 1031 1908 1095; x_wconf 75' lang='grc' dir='ltr'>δεσπόζειν</span> 
     </span>
    </p>
   </div>
   <div class='ocr_carea' id='block_1_13' title="bbox 338 1124 1908 1196">
    <p class='ocr_par' dir='ltr' id='par_1_13' title="bbox 338 1124 1908 1196">
     <span class='ocr_line' id='line_1_13' title="bbox 338 1124 1908 1196; baseline -0.001 -20"><span class='ocrx_word' id='word_1_83' title='bbox 338 1125 371 1194; x_wconf 84' lang='grc' dir='ltr'>ἦ</span> <span class='ocrx_word' id='word_1_84' title='bbox 400 1127 494 1178; x_wconf 69' lang='grc' dir='ltr'><strong>καὶ</strong></span> <span class='ocrx_word' id='word_1_85' title='bbox 524 1124 713 1178; x_wconf 88' lang='grc' dir='ltr'>τοῦτον</span> <span class='ocrx_word' id='word_1_86' title='bbox 735 1125 1014 1196; x_wconf 81' lang='grc' dir='ltr'><strong>δυστυχῶς</strong></span> <span class='ocrx_word' id='word_1_87' title='bbox 1045 1126 1447 1195; x_wconf 72' lang='grc' dir='ltr'>ἐγχανόντισὺν</span> <span class='ocrx_word' id='word_1_88' title='bbox 1471 1125 1623 1194; x_wconf 83' lang='grc' dir='ltr'>αὐτῷ</span> <span class='ocrx_word' id='word_1_89' title='bbox 1661 1124 1757 1176; x_wconf 77' lang='grc' dir='ltr'><strong>καὶ</strong></span> <span class='ocrx_word' id='word_1_90' title='bbox 1783 1125 1908 1187; x_wconf 75' lang='grc' dir='ltr'>τοὺς</span> 
     </span>
    </p>
   </div>
   <div class='ocr_carea' id='block_1_14' title="bbox 338 1219 776 1288">
    <p class='ocr_par' dir='ltr' id='par_1_14' title="bbox 338 1219 776 1288">
     <span class='ocr_line' id='line_1_14' title="bbox 338 1219 776 1288; baseline 0 -16"><span class='ocrx_word' id='word_1_91' title='bbox 338 1219 534 1282; x_wconf 79' lang='grc' dir='ltr'>ἄλλους</span> <span class='ocrx_word' id='word_1_92' title='bbox 556 1219 776 1288; x_wconf 82' lang='grc' dir='ltr'>ἐμέσαι.</span> 
     </span>
    </p>
   </div>
   <div class='ocr_carea' id='block_1_15' title="bbox 413 1506 1909 1578">
    <p class='ocr_par' dir='ltr' id='par_1_15' title="bbox 413 1506 1909 1578">
     <span class='ocr_line' id='line_1_15' title="bbox 413 1506 1909 1578; baseline 0.006 -20"><span class='ocrx_word' id='word_1_93' title='bbox 413 1506 704 1576; x_wconf 79' lang='grc' dir='ltr'><strong>Κατεπόθη</strong></span> <span class='ocrx_word' id='word_1_94' title='bbox 742 1507 923 1578; x_wconf 80' lang='grc' dir='ltr'><strong>μικρῷ</strong></span> <span class='ocrx_word' id='word_1_95' title='bbox 953 1509 1188 1577; x_wconf 81' lang='grc' dir='ltr'>πρόσθεν</span> <span class='ocrx_word' id='word_1_96' title='bbox 1212 1511 1347 1577; x_wconf 74' lang='grc' dir='ltr'>ἡμῖν</span> <span class='ocrx_word' id='word_1_97' title='bbox 1393 1509 1581 1578; x_wconf 75' lang='grc' dir='ltr'>ἕτερός</span> <span class='ocrx_word' id='word_1_98' title='bbox 1623 1528 1744 1574; x_wconf 91' lang='grc' dir='ltr'>τις·</span> <span class='ocrx_word' id='word_1_99' title='bbox 1797 1507 1909 1566; x_wconf 82' lang='grc' dir='ltr'>Λά-</span> 
     </span>
    </p>
   </div>
   <div class='ocr_carea' id='block_1_16' title="bbox 339 1594 1905 1670">
    <p class='ocr_par' dir='ltr' id='par_1_16' title="bbox 339 1594 1905 1670">
     <span class='ocr_line' id='line_1_16' title="bbox 339 1594 1905 1670; baseline 0.005 -19"><span class='ocrx_word' id='word_1_100' title='bbox 339 1599 507 1669; x_wconf 85' lang='grc' dir='ltr'>ζαρος</span> <span class='ocrx_word' id='word_1_101' title='bbox 535 1594 604 1670; x_wconf 79' lang='grc' dir='ltr'>ἦν</span> <span class='ocrx_word' id='word_1_102' title='bbox 638 1599 809 1668; x_wconf 75' lang='grc' dir='ltr'>ὄνομα</span> <span class='ocrx_word' id='word_1_103' title='bbox 837 1601 915 1669; x_wconf 81' lang='grc' dir='ltr'>τῷ</span> <span class='ocrx_word' id='word_1_104' title='bbox 947 1600 1148 1670; x_wconf 81' lang='grc' dir='ltr'>νεκρῷ.</span> <span class='ocrx_word' id='word_1_105' title='bbox 1175 1601 1376 1655; x_wconf 86' lang='grc' dir='ltr'>Τοῦτον</span> <span class='ocrx_word' id='word_1_106' title='bbox 1401 1605 1512 1656; x_wconf 84' lang='grc' dir='ltr'><strong>τῶν</strong></span> <span class='ocrx_word' id='word_1_107' title='bbox 1541 1604 1763 1668; x_wconf 82' lang='grc' dir='ltr'>ζώντων</span> <span class='ocrx_word' id='word_1_108' title='bbox 1790 1623 1871 1668; x_wconf 84' lang='grc' dir='ltr'><strong>τις</strong></span> <span class='ocrx_word' id='word_1_109' title='bbox 1891 1622 1905 1636; x_wconf 93' lang='grc'><strong>·</strong></span> 
     </span>
    </p>
   </div>
   <div class='ocr_carea' id='block_1_17' title="bbox 2011 467 3576 544">
    <p class='ocr_par' dir='ltr' id='par_1_17' title="bbox 2011 467 3576 544">
     <span class='ocr_line' id='line_1_17' title="bbox 2011 467 3576 544; baseline -0.007 -16"><span class='ocrx_word' id='word_1_110' title='bbox 2011 477 2260 531; x_wconf 79' lang='lat' dir='ltr'><strong>Arbitror</strong></span> <span class='ocrx_word' id='word_1_111' title='bbox 2290 476 2542 544; x_wconf 86' lang='lat' dir='ltr'><strong>equidem</strong></span> <span class='ocrx_word' id='word_1_112' title='bbox 2599 473 2935 542; x_wconf 80' lang='lat' dir='ltr'><strong>Oportuisse,</strong></span> <span class='ocrx_word' id='word_1_113' title='bbox 2974 472 3117 526; x_wconf 89' lang='lat' dir='ltr'><strong>sicut</strong></span> <span class='ocrx_word' id='word_1_114' title='bbox 3149 470 3288 522; x_wconf 87' lang='lat' dir='ltr'><strong>alios</strong></span> <span class='ocrx_word' id='word_1_115' title='bbox 3320 468 3413 538; x_wconf 85' lang='lat' dir='ltr'><strong>qui</strong></span> <span class='ocrx_word' id='word_1_116' title='bbox 3468 467 3576 520; x_wconf 86' lang='lat' dir='ltr'><strong>huc</strong></span> 
     </span>
    </p>
   </div>
   <div class='ocr_carea' id='block_1_18' title="bbox 2009 560 3576 636">
    <p class='ocr_par' dir='ltr' id='par_1_18' title="bbox 2009 560 3576 636">
     <span class='ocr_line' id='line_1_18' title="bbox 2009 560 3576 636; baseline -0.006 -14"><span class='ocrx_word' id='word_1_117' title='bbox 2009 567 2373 632; x_wconf 64' lang='lat' dir='ltr'><strong>descendunt,</strong></span> <span class='ocrx_word' id='word_1_118' title='bbox 2411 564 2739 636; x_wconf 83' lang='lat' dir='ltr'><strong>parvifacio,</strong></span> <span class='ocrx_word' id='word_1_119' title='bbox 2773 565 2845 618; x_wconf 87' lang='lat' dir='ltr'><strong>ita</strong></span> <span class='ocrx_word' id='word_1_120' title='bbox 2879 565 3022 617; x_wconf 92' lang='lat' dir='ltr'><strong>hunc</strong></span> <span class='ocrx_word' id='word_1_121' title='bbox 3050 577 3272 631; x_wconf 86' lang='lat' dir='ltr'><strong>quoque</strong></span> <span class='ocrx_word' id='word_1_122' title='bbox 3307 576 3392 615; x_wconf 90' lang='lat' dir='ltr'><strong>me</strong></span> <span class='ocrx_word' id='word_1_123' title='bbox 3420 560 3576 614; x_wconf 88' lang='lat' dir='ltr'><strong>nihili</strong></span> 
     </span>
    </p>
   </div>
   <div class='ocr_carea' id='block_1_19' title="bbox 2011 651 3581 730">
    <p class='ocr_par' dir='ltr' id='par_1_19' title="bbox 2011 651 3581 730">
     <span class='ocr_line' id='line_1_19' title="bbox 2011 651 3581 730; baseline -0.008 -16"><span class='ocrx_word' id='word_1_124' title='bbox 2011 661 2129 714; x_wconf 88' lang='lat' dir='ltr'><strong>loco</strong></span> <span class='ocrx_word' id='word_1_125' title='bbox 2156 661 2384 730; x_wconf 58' lang='lat' dir='ltr'><strong>ducere,</strong></span> <span class='ocrx_word' id='word_1_126' title='bbox 2407 658 2568 726; x_wconf 85' lang='lat' dir='ltr'><strong>Atqui</strong></span> <span class='ocrx_word' id='word_1_127' title='bbox 2605 657 2693 710; x_wconf 89' lang='lat' dir='ltr'><strong>hic</strong></span> <span class='ocrx_word' id='word_1_128' title='bbox 2727 656 2941 718; x_wconf 86' lang='lat' dir='ltr'><strong>elatior,</strong></span> <span class='ocrx_word' id='word_1_129' title='bbox 2997 669 3160 724; x_wconf 90' lang='lat' dir='ltr'><strong>quam</strong></span> <span class='ocrx_word' id='word_1_130' title='bbox 3186 662 3246 706; x_wconf 86' lang='grc' dir='ltr'><strong>ιιι</strong></span> <span class='ocrx_word' id='word_1_131' title='bbox 3301 651 3581 706; x_wconf 72' lang='lat' dir='ltr'><strong>videretur</strong></span> 
     </span>
    </p>
   </div>
   <div class='ocr_carea' id='block_1_20' title="bbox 2010 745 3576 818">
    <p class='ocr_par' dir='ltr' id='par_1_20' title="bbox 2010 745 3576 818">
     <span class='ocr_line' id='line_1_20' title="bbox 2010 745 3576 818; baseline -0.003 -16"><span class='ocrx_word' id='word_1_132' title='bbox 2010 751 2208 816; x_wconf 84' lang='lat' dir='ltr'><strong>aliquis</strong></span> <span class='ocrx_word' id='word_1_133' title='bbox 2258 766 2382 805; x_wconf 89' lang='lat' dir='ltr'><strong>esse</strong></span> <span class='ocrx_word' id='word_1_134' title='bbox 2425 750 2646 804; x_wconf 90' lang='lat' dir='ltr'><strong>illorum</strong></span> <span class='ocrx_word' id='word_1_135' title='bbox 2701 750 2791 818; x_wconf 80' lang='lat' dir='ltr'><strong>qui</strong></span> <span class='ocrx_word' id='word_1_136' title='bbox 2842 746 2928 799; x_wconf 90' lang='lat' dir='ltr'><strong>hic</strong></span> <span class='ocrx_word' id='word_1_137' title='bbox 2971 745 3230 799; x_wconf 56' lang='lat' dir='ltr'><strong>&quot;conclusi</strong></span> <span class='ocrx_word' id='word_1_138' title='bbox 3294 752 3576 798; x_wconf 63' lang='lat' dir='ltr'><strong>tenentutx</strong></span> 
     </span>
    </p>
   </div>
   <div class='ocr_carea' id='block_1_21' title="bbox 2009 835 3577 908">
    <p class='ocr_par' dir='ltr' id='par_1_21' title="bbox 2009 835 3577 908">
     <span class='ocr_line' id='line_1_21' title="bbox 2009 835 3577 908; baseline -0.003 -16"><span class='ocrx_word' id='word_1_139' title='bbox 2009 839 2151 907; x_wconf 83' lang='lat' dir='ltr'><strong>Quin</strong></span> <span class='ocrx_word' id='word_1_140' title='bbox 2183 849 2235 895; x_wconf 93' lang='lat' dir='ltr'><strong>et</strong></span> <span class='ocrx_word' id='word_1_141' title='bbox 2269 841 2374 894; x_wconf 89' lang='lat' dir='ltr'><strong>hoc</strong></span> <span class='ocrx_word' id='word_1_142' title='bbox 2412 854 2499 894; x_wconf 86' lang='lat' dir='ltr'><strong>me</strong></span> <span class='ocrx_word' id='word_1_143' title='bbox 2555 840 2752 908; x_wconf 64' lang='lat' dir='ltr'><strong>gaudio</strong></span> <span class='ocrx_word' id='word_1_144' title='bbox 2804 837 3003 899; x_wconf 77' lang='lat' dir='ltr'><strong>all‘ecit,</strong></span> <span class='ocrx_word' id='word_1_145' title='bbox 3064 835 3209 906; x_wconf 86' lang='lat' dir='ltr'><strong>quod</strong></span> <span class='ocrx_word' id='word_1_146' title='bbox 3268 835 3577 906; x_wconf 86' lang='lat' dir='ltr'><strong>putaverim</strong></span> 
     </span>
    </p>
   </div>
   <div class='ocr_carea' id='block_1_22' title="bbox 2015 928 3577 1000">
    <p class='ocr_par' dir='ltr' id='par_1_22' title="bbox 2015 928 3577 1000">
     <span class='ocr_line' id='line_1_22' title="bbox 2015 928 3577 1000; baseline -0.003 -16"><span class='ocrx_word' id='word_1_147' title='bbox 2015 937 2160 985; x_wconf 89' lang='lat' dir='ltr'><strong>hunc</strong></span> <span class='ocrx_word' id='word_1_148' title='bbox 2182 946 2398 1000; x_wconf 85' lang='lat' dir='ltr'><strong>quoque</strong></span> <span class='ocrx_word' id='word_1_149' title='bbox 2429 930 2479 982; x_wconf 91' lang='lat' dir='ltr'><strong>in</strong></span> <span class='ocrx_word' id='word_1_150' title='bbox 2515 931 2857 983; x_wconf 84' lang='lat' dir='ltr'><strong>matriculam</strong></span> <span class='ocrx_word' id='word_1_151' title='bbox 2892 931 3134 992; x_wconf 91' lang='lat' dir='ltr'><strong>illorum,</strong></span> <span class='ocrx_word' id='word_1_152' title='bbox 3162 929 3254 995; x_wconf 86' lang='lat' dir='ltr'><strong>qui</strong></span> <span class='ocrx_word' id='word_1_153' title='bbox 3311 928 3443 981; x_wconf 88' lang='lat' dir='ltr'><strong>tnihi</strong></span> <span class='ocrx_word' id='word_1_154' title='bbox 3471 942 3577 996; x_wconf 83' lang='lat' dir='ltr'><strong>pa-</strong></span> 
     </span>
    </p>
   </div>
   <div class='ocr_carea' id='block_1_23' title="bbox 2013 1018 3572 1090">
    <p class='ocr_par' dir='ltr' id='par_1_23' title="bbox 2013 1018 3572 1090">
     <span class='ocr_line' id='line_1_23' title="bbox 2013 1018 3572 1090; baseline -0.005 -15"><span class='ocrx_word' id='word_1_155' title='bbox 2013 1033 2154 1087; x_wconf 87' lang='lat' dir='ltr'><strong>rent,</strong></span> <span class='ocrx_word' id='word_1_156' title='bbox 2189 1023 2505 1090; x_wconf 86' lang='lat' dir='ltr'><strong>inscriptum</strong></span> <span class='ocrx_word' id='word_1_157' title='bbox 2540 1022 2603 1074; x_wconf 88' lang='lat' dir='ltr'><strong>iti</strong></span> <span class='ocrx_word' id='word_1_158' title='bbox 2634 1036 2649 1087; x_wconf 83' lang='lat'>;</span> <span class='ocrx_word' id='word_1_159' title='bbox 2686 1021 2827 1088; x_wconf 83' lang='lat' dir='ltr'><strong>quod</strong></span> <span class='ocrx_word' id='word_1_160' title='bbox 2856 1035 2982 1072; x_wconf 89' lang='lat' dir='ltr'><strong>vero</strong></span> <span class='ocrx_word' id='word_1_161' title='bbox 3011 1020 3263 1074; x_wconf 92' lang='lat' dir='ltr'><strong>omnibus</strong></span> <span class='ocrx_word' id='word_1_162' title='bbox 3285 1018 3572 1088; x_wconf 78' lang='lat' dir='ltr'><strong>ellugieudi</strong></span> 
     </span>
    </p>
   </div>
   <div class='ocr_carea' id='block_1_24' title="bbox 2009 1111 3576 1174">
    <p class='ocr_par' dir='ltr' id='par_1_24' title="bbox 2009 1111 3576 1174">
     <span class='ocr_line' id='line_1_24' title="bbox 2009 1111 3576 1174; baseline -0.003 -8"><span class='ocrx_word' id='word_1_163' title='bbox 2009 1116 2152 1167; x_wconf 87' lang='lat' dir='ltr'><strong>viam</strong></span> <span class='ocrx_word' id='word_1_164' title='bbox 2208 1111 2575 1174; x_wconf 88' lang='lat' dir='ltr'><strong>monstravit,</strong></span> <span class='ocrx_word' id='word_1_165' title='bbox 2634 1113 2686 1164; x_wconf 98' lang='lat' dir='ltr'><strong>id</strong></span> <span class='ocrx_word' id='word_1_166' title='bbox 2734 1112 3104 1165; x_wconf 77' lang='lat' dir='ltr'><strong>calamitatum</strong></span> <span class='ocrx_word' id='word_1_167' title='bbox 3185 1111 3428 1164; x_wconf 90' lang='lat' dir='ltr'><strong>omnium</strong></span> <span class='ocrx_word' id='word_1_168' title='bbox 3494 1119 3576 1165; x_wconf 87' lang='lat' dir='ltr'><strong>est</strong></span> 
     </span>
    </p>
   </div>
   <div class='ocr_carea' id='block_1_25' title="bbox 2011 1203 3577 1269">
    <p class='ocr_par' dir='ltr' id='par_1_25' title="bbox 2011 1203 3577 1269">
     <span class='ocr_line' id='line_1_25' title="bbox 2011 1203 3577 1269; baseline -0.004 -10"><span class='ocrx_word' id='word_1_169' title='bbox 2011 1216 2339 1260; x_wconf 86' lang='lat' dir='ltr'><strong>extremum.</strong></span> <span class='ocrx_word' id='word_1_170' title='bbox 2381 1204 2695 1258; x_wconf 78' lang='lat' dir='ltr'><strong>Cunsultius</strong></span> <span class='ocrx_word' id='word_1_171' title='bbox 2729 1203 2926 1258; x_wconf 80' lang='lat' dir='ltr'><strong>fuisset</strong></span> <span class='ocrx_word' id='word_1_172' title='bbox 2961 1219 3045 1257; x_wconf 89' lang='lat' dir='ltr'><strong>me</strong></span> <span class='ocrx_word' id='word_1_173' title='bbox 3077 1204 3289 1257; x_wconf 67' lang='lat' dir='ltr'><strong>ueteris</strong></span> <span class='ocrx_word' id='word_1_174' title='bbox 3313 1241 3329 1266; x_wconf 94' lang='lat'><strong>,</strong></span> <span class='ocrx_word' id='word_1_175' title='bbox 3367 1204 3577 1269; x_wconf 78' lang='lat' dir='ltr'><strong>absque</strong></span> 
     </span>
    </p>
   </div>
   <div class='ocr_carea' id='block_1_26' title="bbox 2013 1295 3578 1364">
    <p class='ocr_par' dir='ltr' id='par_1_26' title="bbox 2013 1295 3578 1364">
     <span class='ocr_line' id='line_1_26' title="bbox 2013 1295 3578 1364; baseline -0.003 -12"><span class='ocrx_word' id='word_1_176' title='bbox 2013 1301 2135 1360; x_wconf 81' lang='lat' dir='ltr'><strong>hoc,</strong></span> <span class='ocrx_word' id='word_1_177' title='bbox 2167 1299 2418 1352; x_wconf 79' lang='lat' dir='ltr'><strong>omnibus</strong></span> <span class='ocrx_word' id='word_1_178' title='bbox 2449 1299 2952 1364; x_wconf 83' lang='lat' dir='ltr'><strong>imperasse,quam</strong></span> <span class='ocrx_word' id='word_1_179' title='bbox 2984 1310 3090 1349; x_wconf 81' lang='lat' dir='ltr'><strong>tina</strong></span> <span class='ocrx_word' id='word_1_180' title='bbox 3120 1309 3244 1350; x_wconf 89' lang='lat' dir='ltr'><strong>cum</strong></span> <span class='ocrx_word' id='word_1_181' title='bbox 3274 1295 3412 1364; x_wconf 85' lang='lat' dir='ltr'><strong>ipso,</strong></span> <span class='ocrx_word' id='word_1_182' title='bbox 3439 1295 3578 1347; x_wconf 86' lang='lat' dir='ltr'><strong>alios</strong></span> 
     </span>
    </p>
   </div>
   <div class='ocr_carea' id='block_1_27' title="bbox 2017 1390 2804 1460">
    <p class='ocr_par' dir='ltr' id='par_1_27' title="bbox 2017 1390 2804 1460">
     <span class='ocr_line' id='line_1_27' title="bbox 2017 1390 2804 1460; baseline 0 -18"><span class='ocrx_word' id='word_1_183' title='bbox 2017 1406 2238 1460; x_wconf 87' lang='lat' dir='ltr'><strong>quoque</strong></span> <span class='ocrx_word' id='word_1_184' title='bbox 2262 1390 2505 1444; x_wconf 87' lang='lat' dir='ltr'><strong>hiantem</strong></span> <span class='ocrx_word' id='word_1_185' title='bbox 2534 1401 2804 1444; x_wconf 85' lang='lat' dir='ltr'><strong>evomere.</strong></span> 
     </span>
    </p>
   </div>
   <div class='ocr_carea' id='block_1_28' title="bbox 2082 1501 3580 1572">
    <p class='ocr_par' dir='ltr' id='par_1_28' title="bbox 2082 1501 3580 1572">
     <span class='ocr_line' id='line_1_28' title="bbox 2082 1501 3580 1572; baseline -0.001 -14"><span class='ocrx_word' id='word_1_186' title='bbox 2082 1505 2389 1572; x_wconf 90' lang='lat' dir='ltr'><strong>Absorplus</strong></span> <span class='ocrx_word' id='word_1_187' title='bbox 2419 1513 2500 1556; x_wconf 84' lang='lat' dir='ltr'><strong>est</strong></span> <span class='ocrx_word' id='word_1_188' title='bbox 2525 1503 2685 1556; x_wconf 89' lang='lat' dir='ltr'><strong>nobis</strong></span> <span class='ocrx_word' id='word_1_189' title='bbox 2718 1502 2925 1571; x_wconf 81' lang='lat' dir='ltr'><strong>pridem</strong></span> <span class='ocrx_word' id='word_1_190' title='bbox 2949 1501 3084 1555; x_wconf 88' lang='lat' dir='ltr'><strong>alter</strong></span> <span class='ocrx_word' id='word_1_191' title='bbox 3105 1501 3322 1570; x_wconf 79' lang='lat' dir='ltr'><strong>quidam</strong></span> <span class='ocrx_word' id='word_1_192' title='bbox 3351 1503 3580 1572; x_wconf 78' lang='lat' dir='ltr'><strong>(Lazaro</strong></span> 
     </span>
    </p>
   </div>
   <div class='ocr_carea' id='block_1_29' title="bbox 2012 1592 3579 1664">
    <p class='ocr_par' dir='ltr' id='par_1_29' title="bbox 2012 1592 3579 1664">
     <span class='ocr_line' id='line_1_29' title="bbox 2012 1592 3579 1664; baseline 0 -18"><span class='ocrx_word' id='word_1_193' title='bbox 2012 1601 2128 1647; x_wconf 88' lang='lat' dir='ltr'><strong>erat</strong></span> <span class='ocrx_word' id='word_1_194' title='bbox 2156 1608 2356 1647; x_wconf 89' lang='lat' dir='ltr'><strong>nomen</strong></span> <span class='ocrx_word' id='word_1_195' title='bbox 2390 1595 2627 1659; x_wconf 89' lang='lat' dir='ltr'><strong>mortuo)</strong></span> <span class='ocrx_word' id='word_1_196' title='bbox 2648 1599 2672 1646; x_wconf 84' lang='lat'><strong>&#39;:</strong></span> <span class='ocrx_word' id='word_1_197' title='bbox 2701 1607 2824 1646; x_wconf 87' lang='lat' dir='ltr'><strong>eum</strong></span> <span class='ocrx_word' id='word_1_198' title='bbox 2872 1592 3070 1661; x_wconf 83' lang='lat' dir='ltr'><strong>aliquis</strong></span> <span class='ocrx_word' id='word_1_199' title='bbox 3102 1594 3343 1646; x_wconf 84' lang='lat' dir='ltr'><strong>vivorum</strong></span> <span class='ocrx_word' id='word_1_200' title='bbox 3387 1592 3579 1664; x_wconf 78' lang='lat' dir='ltr'><strong>(quem</strong></span> 
     </span>
    </p>
   </div>
   <div class='ocr_carea' id='block_1_30' title="bbox 337 1685 1919 1774">
    <p class='ocr_par' dir='ltr' id='par_1_30' title="bbox 337 1689 1907 1762">
     <span class='ocr_line' id='line_1_30' title="bbox 337 1689 1907 1762; baseline 0.004 -20"><span class='ocrx_word' id='word_1_201' title='bbox 337 1691 430 1743; x_wconf 65' lang='grc' dir='ltr'>τίιν</span> <span class='ocrx_word' id='word_1_202' title='bbox 463 1689 560 1742; x_wconf 88' lang='grc' dir='ltr'><strong>νῦν</strong></span> <span class='ocrx_word' id='word_1_203' title='bbox 589 1691 656 1743; x_wconf 75' lang='grc' dir='ltr'>τὰ</span> <span class='ocrx_word' id='word_1_204' title='bbox 688 1689 967 1746; x_wconf 79' lang='grc' dir='ltr'>δεινότατα</span> <span class='ocrx_word' id='word_1_205' title='bbox 997 1693 1216 1744; x_wconf 85' lang='grc' dir='ltr'>πάντων</span> <span class='ocrx_word' id='word_1_206' title='bbox 1262 1694 1292 1762; x_wconf 76' lang='grc' dir='ltr'><strong>η</strong></span> <span class='ocrx_word' id='word_1_207' title='bbox 1303 1695 1410 1762; x_wconf 85' lang='grc' dir='ltr'>μᾶς</span> <span class='ocrx_word' id='word_1_208' title='bbox 1442 1693 1674 1762; x_wconf 78' lang='grc' dir='ltr'>δρῶντα,</span> <span class='ocrx_word' id='word_1_209' title='bbox 1713 1695 1907 1748; x_wconf 78' lang='grc' dir='ltr'>τοῦτον</span> 
     </span>
    </p>
   </div>
   <div class='ocr_carea' id='block_1_31' title="bbox 2022 1685 3579 1774">
    <p class='ocr_par' dir='ltr' id='par_1_31' title="bbox 2022 1685 3579 1755">
     <span class='ocr_line' id='line_1_31' title="bbox 2022 1685 3579 1755; baseline 0 -15"><span class='ocrx_word' id='word_1_210' title='bbox 2022 1687 2486 1755; x_wconf 85' lang='lat' dir='ltr'><strong>huncipsutn,qui</strong></span> <span class='ocrx_word' id='word_1_211' title='bbox 2517 1701 2616 1740; x_wconf 88' lang='lat' dir='ltr'><strong>nos</strong></span> <span class='ocrx_word' id='word_1_212' title='bbox 2648 1696 2764 1739; x_wconf 83' lang='lat' dir='ltr'><strong>tam</strong></span> <span class='ocrx_word' id='word_1_213' title='bbox 2815 1687 2955 1738; x_wconf 88' lang='lat' dir='ltr'><strong>male</strong></span> <span class='ocrx_word' id='word_1_214' title='bbox 2986 1702 3128 1740; x_wconf 90' lang='lat' dir='ltr'><strong>nunc</strong></span> <span class='ocrx_word' id='word_1_215' title='bbox 3175 1685 3385 1751; x_wconf 89' lang='lat' dir='ltr'><strong>multat,</strong></span> <span class='ocrx_word' id='word_1_216' title='bbox 3412 1689 3579 1749; x_wconf 89' lang='lat' dir='ltr'><strong>hunc,</strong></span> 
     </span>
    </p>
   </div>
   <div class='ocr_carea' id='block_1_32' title="bbox 333 1781 1912 1856">
    <p class='ocr_par' dir='ltr' id='par_1_32' title="bbox 333 1781 1912 1856">
     <span class='ocr_line' id='line_1_32' title="bbox 333 1781 1912 1856; baseline 0.002 -20"><span class='ocrx_word' id='word_1_217' title='bbox 333 1781 491 1852; x_wconf 78' lang='grc' dir='ltr'>οἶμαι</span> <span class='ocrx_word' id='word_1_218' title='bbox 540 1785 871 1856; x_wconf 78' lang='grc' dir='ltr'>τυγχάνειν·</span> <span class='ocrx_word' id='word_1_219' title='bbox 927 1785 1066 1854; x_wconf 79' lang='grc' dir='ltr'>πρὸς</span> <span class='ocrx_word' id='word_1_220' title='bbox 1139 1784 1261 1854; x_wconf 93' lang='grc' dir='ltr'>βίαν</span> <span class='ocrx_word' id='word_1_221' title='bbox 1330 1787 1635 1840; x_wconf 70' lang='grc' dir='ltr'>ἀνέσπασεν</span> <span class='ocrx_word' id='word_1_222' title='bbox 1665 1827 1680 1850; x_wconf 90' lang='grc'><strong>,</strong></span> <span class='ocrx_word' id='word_1_223' title='bbox 1743 1788 1912 1856; x_wconf 80' lang='grc' dir='ltr'>ίκανῷ</span> 
     </span>
    </p>
   </div>
   <div class='ocr_carea' id='block_1_33' title="bbox 338 1877 1912 1950">
    <p class='ocr_par' dir='ltr' id='par_1_33' title="bbox 338 1877 1912 1950">
     <span class='ocr_line' id='line_1_33' title="bbox 338 1877 1912 1950; baseline 0.001 -19"><span class='ocrx_word' id='word_1_224' title='bbox 338 1891 442 1931; x_wconf 87' lang='grc' dir='ltr'>τινι</span> <span class='ocrx_word' id='word_1_225' title='bbox 496 1878 664 1931; x_wconf 84' lang='grc' dir='ltr'>πλέον</span> <span class='ocrx_word' id='word_1_226' title='bbox 720 1877 823 1946; x_wconf 82' lang='grc' dir='ltr'>τῆς</span> <span class='ocrx_word' id='word_1_227' title='bbox 882 1877 1073 1930; x_wconf 86' lang='grc' dir='ltr'>ἐνθάδε</span> <span class='ocrx_word' id='word_1_228' title='bbox 1143 1879 1336 1930; x_wconf 82' lang='grc' dir='ltr'>τούτου</span> <span class='ocrx_word' id='word_1_229' title='bbox 1391 1879 1673 1949; x_wconf 76' lang='grc' dir='ltr'>διατριϐῆς</span> <span class='ocrx_word' id='word_1_230' title='bbox 1722 1882 1912 1950; x_wconf 81' lang='grc' dir='ltr'>ἐγχρο-</span> 
     </span>
    </p>
   </div>
   <div class='ocr_carea' id='block_1_34' title="bbox 338 1969 1913 2042">
    <p class='ocr_par' dir='ltr' id='par_1_34' title="bbox 338 1969 1913 2042">
     <span class='ocr_line' id='line_1_34' title="bbox 338 1969 1913 2042; baseline 0.003 -22"><span class='ocrx_word' id='word_1_231' title='bbox 338 1969 606 2037; x_wconf 82' lang='grc' dir='ltr'>νήσαντα.</span> <span class='ocrx_word' id='word_1_232' title='bbox 677 1969 819 2036; x_wconf 78' lang='grc' dir='ltr'><strong>Ἐγὼ</strong></span> <span class='ocrx_word' id='word_1_233' title='bbox 872 1969 928 2022; x_wconf 83' lang='grc' dir='ltr'><strong>δέ</strong></span> <span class='ocrx_word' id='word_1_234' title='bbox 962 1971 1059 2024; x_wconf 78' lang='grc' dir='ltr'>καὶ</span> <span class='ocrx_word' id='word_1_235' title='bbox 1114 1970 1236 2023; x_wconf 82' lang='grc' dir='ltr'>τότε</span> <span class='ocrx_word' id='word_1_236' title='bbox 1287 1971 1386 2040; x_wconf 78' lang='grc' dir='ltr'>μὲν</span> <span class='ocrx_word' id='word_1_237' title='bbox 1427 1971 1631 2042; x_wconf 73' lang='grc' dir='ltr'>ἤλγουν</span> <span class='ocrx_word' id='word_1_238' title='bbox 1686 1975 1913 2040; x_wconf 77' lang='grc' dir='ltr'>πάσχων</span> 
     </span>
    </p>
   </div>
   <div class='ocr_carea' id='block_1_35' title="bbox 341 2058 1912 2136">
    <p class='ocr_par' dir='ltr' id='par_1_35' title="bbox 341 2058 1912 2136">
     <span class='ocr_line' id='line_1_35' title="bbox 341 2058 1912 2136; baseline 0.003 -25"><span class='ocrx_word' id='word_1_239' title='bbox 341 2058 441 2111; x_wconf 83' lang='grc' dir='ltr'>οὐκ</span> <span class='ocrx_word' id='word_1_240' title='bbox 491 2059 756 2113; x_wconf 68' lang='grc' dir='ltr'>εἰωθότα·</span> <span class='ocrx_word' id='word_1_241' title='bbox 803 2060 1000 2130; x_wconf 71' lang='grc' dir='ltr'>ἔφερον</span> <span class='ocrx_word' id='word_1_242' title='bbox 1065 2060 1112 2113; x_wconf 88' lang='grc' dir='ltr'><strong>δ’</strong></span> <span class='ocrx_word' id='word_1_243' title='bbox 1147 2061 1298 2129; x_wconf 85' lang='grc' dir='ltr'>ὅμως</span> <span class='ocrx_word' id='word_1_244' title='bbox 1349 2063 1409 2116; x_wconf 82' lang='grc' dir='ltr'><strong>ἐν</strong></span> <span class='ocrx_word' id='word_1_245' title='bbox 1475 2063 1689 2124; x_wconf 77' lang='grc' dir='ltr'>οὐδενὸς</span> <span class='ocrx_word' id='word_1_246' title='bbox 1748 2064 1912 2136; x_wconf 76' lang='grc' dir='ltr'>μοίρᾳ</span> 
     </span>
    </p>
   </div>
   <div class='ocr_carea' id='block_1_36' title="bbox 341 2145 1802 2218">
    <p class='ocr_par' dir='ltr' id='par_1_36' title="bbox 341 2145 1802 2218">
     <span class='ocr_line' id='line_1_36' title="bbox 341 2145 1802 2218; baseline 0.008 -19"><span class='ocrx_word' id='word_1_247' title='bbox 341 2151 432 2201; x_wconf 59' lang='grc' dir='ltr'><strong>τὴν</strong></span> <span class='ocrx_word' id='word_1_248' title='bbox 461 2150 558 2204; x_wconf 73' lang='grc' dir='ltr'>ἕνα</span> <span class='ocrx_word' id='word_1_249' title='bbox 593 2151 789 2214; x_wconf 86' lang='grc' dir='ltr'>τιθείς.</span> <span class='ocrx_word' id='word_1_250' title='bbox 815 2151 931 2205; x_wconf 88' lang='grc' dir='ltr'>Νῦν</span> <span class='ocrx_word' id='word_1_251' title='bbox 975 2152 1032 2205; x_wconf 77' lang='grc' dir='ltr'><strong>δὲ</strong></span> <span class='ocrx_word' id='word_1_252' title='bbox 1060 2145 1190 2218; x_wconf 71' lang='grc' dir='ltr'>περὶ</span> <span class='ocrx_word' id='word_1_253' title='bbox 1227 2155 1445 2207; x_wconf 85' lang='grc' dir='ltr'>πάντων</span> <span class='ocrx_word' id='word_1_254' title='bbox 1479 2157 1505 2208; x_wconf 83' lang='grc' dir='ltr'>ὁ</span> <span class='ocrx_word' id='word_1_255' title='bbox 1537 2155 1802 2217; x_wconf 81' lang='grc' dir='ltr'>κίνδυνος.</span> 
     </span>
    </p>
   </div>
   <div class='ocr_carea' id='block_1_37' title="bbox 413 2352 1911 2431">
    <p class='ocr_par' dir='ltr' id='par_1_37' title="bbox 413 2352 1911 2431">
     <span class='ocr_line' id='line_1_37' title="bbox 413 2352 1911 2431; baseline 0.005 -23"><span class='ocrx_word' id='word_1_256' title='bbox 413 2356 479 2409; x_wconf 75' lang='grc' dir='ltr'><strong>Εἰ</strong></span> <span class='ocrx_word' id='word_1_257' title='bbox 511 2355 569 2408; x_wconf 77' lang='grc' dir='ltr'>δὲ</span> <span class='ocrx_word' id='word_1_258' title='bbox 617 2355 810 2410; x_wconf 73' lang='grc' dir='ltr'>τοῦτον</span> <span class='ocrx_word' id='word_1_259' title='bbox 847 2357 1066 2428; x_wconf 84' lang='grc' dir='ltr'>άληθῶς</span> <span class='ocrx_word' id='word_1_260' title='bbox 1115 2352 1254 2411; x_wconf 76' lang='grc' dir='ltr'>εἶναι</span> <span class='ocrx_word' id='word_1_261' title='bbox 1307 2359 1599 2429; x_wconf 82' lang='grc' dir='ltr'>συμϐαίνει</span> <span class='ocrx_word' id='word_1_262' title='bbox 1659 2361 1750 2414; x_wconf 77' lang='grc' dir='ltr'>τὸν</span> <span class='ocrx_word' id='word_1_263' title='bbox 1815 2363 1911 2431; x_wconf 77' lang='grc' dir='ltr'><strong>ἀφ’</strong></span> 
     </span>
    </p>
   </div>
   <div class='ocr_carea' id='block_1_38' title="bbox 344 2447 1914 2521">
    <p class='ocr_par' dir='ltr' id='par_1_38' title="bbox 344 2447 1914 2521">
     <span class='ocr_line' id='line_1_38' title="bbox 344 2447 1914 2521; baseline 0.004 -23"><span class='ocrx_word' id='word_1_264' title='bbox 344 2447 502 2516; x_wconf 75' lang='grc' dir='ltr'>ἡμῶν</span> <span class='ocrx_word' id='word_1_265' title='bbox 541 2447 870 2517; x_wconf 80' lang='grc' dir='ltr'>ἁρπάσαντα</span> <span class='ocrx_word' id='word_1_266' title='bbox 907 2447 1180 2517; x_wconf 77' lang='grc' dir='ltr'>Λάζαρον,</span> <span class='ocrx_word' id='word_1_267' title='bbox 1235 2448 1328 2502; x_wconf 79' lang='grc' dir='ltr'>τὸν</span> <span class='ocrx_word' id='word_1_268' title='bbox 1361 2452 1492 2521; x_wconf 73' lang='grc' dir='ltr'>περὶ</span> <span class='ocrx_word' id='word_1_269' title='bbox 1523 2450 1633 2502; x_wconf 82' lang='grc' dir='ltr'><strong>τῶν</strong></span> <span class='ocrx_word' id='word_1_270' title='bbox 1667 2453 1914 2520; x_wconf 81' lang='grc' dir='ltr'>ἐσχάτων</span> 
     </span>
    </p>
   </div>
   <div class='ocr_carea' id='block_1_39' title="bbox 343 2534 1911 2614">
    <p class='ocr_par' dir='ltr' id='par_1_39' title="bbox 343 2534 1911 2614">
     <span class='ocr_line' id='line_1_39' title="bbox 343 2534 1911 2614; baseline 0.003 -24"><span class='ocrx_word' id='word_1_271' title='bbox 343 2539 560 2608; x_wconf 81' lang='grc' dir='ltr'><strong>ἀνάγκη</strong></span> <span class='ocrx_word' id='word_1_272' title='bbox 591 2539 688 2592; x_wconf 91' lang='grc' dir='ltr'><strong>νῦν</strong></span> <span class='ocrx_word' id='word_1_273' title='bbox 720 2541 929 2609; x_wconf 81' lang='grc' dir='ltr'>φέρειν.</span> <span class='ocrx_word' id='word_1_274' title='bbox 971 2534 1076 2603; x_wconf 76' lang='grc' dir='ltr'><strong>¹⁸⁸ος</strong></span> <span class='ocrx_word' id='word_1_275' title='bbox 1106 2543 1212 2610; x_wconf 81' lang='grc' dir='ltr'>γὰρ</span> <span class='ocrx_word' id='word_1_276' title='bbox 1245 2543 1340 2594; x_wconf 75' lang='grc' dir='ltr'>καὶ</span> <span class='ocrx_word' id='word_1_277' title='bbox 1386 2543 1673 2614; x_wconf 67' lang='grc' dir='ltr'>πόρρωθεν</span> <span class='ocrx_word' id='word_1_278' title='bbox 1727 2544 1911 2614; x_wconf 81' lang='grc' dir='ltr'>φωνὴν</span> 
     </span>
    </p>
   </div>
   <div class='ocr_carea' id='block_1_40' title="bbox 342 2629 1913 2703">
    <p class='ocr_par' dir='ltr' id='par_1_40' title="bbox 342 2629 1913 2703">
     <span class='ocr_line' id='line_1_40' title="bbox 342 2629 1913 2703; baseline 0.002 -21"><span class='ocrx_word' id='word_1_279' title='bbox 342 2631 502 2698; x_wconf 76' lang='grc' dir='ltr'>ἀφεὶς</span> <span class='ocrx_word' id='word_1_280' title='bbox 524 2631 714 2700; x_wconf 80' lang='grc' dir='ltr'>μόνην,</span> <span class='ocrx_word' id='word_1_281' title='bbox 756 2629 900 2682; x_wconf 79' lang='grc' dir='ltr'>οὕτω</span> <span class='ocrx_word' id='word_1_282' title='bbox 925 2631 1198 2700; x_wconf 76' lang='grc' dir='ltr'>διέθηκεν,</span> <span class='ocrx_word' id='word_1_283' title='bbox 1236 2631 1364 2685; x_wconf 84' lang='grc' dir='ltr'>ὥστ’</span> <span class='ocrx_word' id='word_1_284' title='bbox 1415 2633 1526 2684; x_wconf 80' lang='grc' dir='ltr'>οὐδ’</span> <span class='ocrx_word' id='word_1_285' title='bbox 1563 2632 1913 2703; x_wconf 73' lang='grc' dir='ltr'>ἠδυνήθημεν</span> 
     </span>
    </p>
   </div>
   <div class='ocr_carea' id='block_1_41' title="bbox 344 2722 1914 2795">
    <p class='ocr_par' dir='ltr' id='par_1_41' title="bbox 344 2722 1914 2795">
     <span class='ocr_line' id='line_1_41' title="bbox 344 2722 1914 2795; baseline 0.003 -20"><span class='ocrx_word' id='word_1_286' title='bbox 344 2723 461 2785; x_wconf 77' lang='grc' dir='ltr'>ἐνὸς</span> <span class='ocrx_word' id='word_1_287' title='bbox 486 2722 800 2794; x_wconf 80' lang='grc' dir='ltr'>ἐλευθερίαν</span> <span class='ocrx_word' id='word_1_288' title='bbox 837 2725 1210 2788; x_wconf 81' lang='grc' dir='ltr'>ἀποκωλῦσαι,</span> <span class='ocrx_word' id='word_1_289' title='bbox 1245 2723 1304 2776; x_wconf 90' lang='grc' dir='ltr'><strong>τί</strong></span> <span class='ocrx_word' id='word_1_290' title='bbox 1352 2723 1452 2778; x_wconf 77' lang='grc' dir='ltr'><strong>οὐκ</strong></span> <span class='ocrx_word' id='word_1_291' title='bbox 1485 2725 1552 2776; x_wconf 81' lang='grc' dir='ltr'>ἅν</span> <span class='ocrx_word' id='word_1_292' title='bbox 1618 2727 1914 2795; x_wconf 76' lang='grc' dir='ltr'>ἐργάσαιτο</span> 
     </span>
    </p>
   </div>
   <div class='ocr_carea' id='block_1_42' title="bbox 344 2815 1910 2889">
    <p class='ocr_par' dir='ltr' id='par_1_42' title="bbox 344 2815 1910 2889">
     <span class='ocr_line' id='line_1_42' title="bbox 344 2815 1910 2889; baseline 0.004 -22"><span class='ocrx_word' id='word_1_293' title='bbox 344 2815 664 2886; x_wconf 82' lang='grc' dir='ltr'>περιφανῶς</span> <span class='ocrx_word' id='word_1_294' title='bbox 721 2816 977 2886; x_wconf 83' lang='grc' dir='ltr'>ἐμϐαλὼν</span> <span class='ocrx_word' id='word_1_295' title='bbox 1035 2819 1116 2880; x_wconf 77' lang='grc' dir='ltr'>εἰς</span> <span class='ocrx_word' id='word_1_296' title='bbox 1169 2818 1270 2886; x_wconf 75' lang='grc' dir='ltr'><strong>τὴν</strong></span> <span class='ocrx_word' id='word_1_297' title='bbox 1329 2818 1642 2889; x_wconf 79' lang='grc' dir='ltr'>ἠμετέραν;</span> <span class='ocrx_word' id='word_1_298' title='bbox 1686 2821 1753 2872; x_wconf 73' lang='grc' dir='ltr'><strong>Οἵ</strong></span> <span class='ocrx_word' id='word_1_299' title='bbox 1801 2838 1910 2886; x_wconf 84' lang='grc' dir='ltr'>μοι,</span> 
     </span>
    </p>
   </div>
   <div class='ocr_carea' id='block_1_43' title="bbox 345 2909 1904 2980">
    <p class='ocr_par' dir='ltr' id='par_1_43' title="bbox 345 2909 1904 2980">
     <span class='ocr_line' id='line_1_43' title="bbox 345 2909 1904 2980; baseline 0.003 -19"><span class='ocrx_word' id='word_1_300' title='bbox 345 2909 524 2963; x_wconf 88' lang='grc' dir='ltr'>πάντα</span> <span class='ocrx_word' id='word_1_301' title='bbox 553 2909 654 2980; x_wconf 88' lang='grc' dir='ltr'><strong>μέν</strong></span> <span class='ocrx_word' id='word_1_302' title='bbox 708 2909 940 2980; x_wconf 77' lang='grc' dir='ltr'>δῃώσειν</span> <span class='ocrx_word' id='word_1_303' title='bbox 972 2911 1152 2972; x_wconf 72' lang='grc' dir='ltr'>αὐτὸν,</span> <span class='ocrx_word' id='word_1_304' title='bbox 1187 2912 1368 2964; x_wconf 79' lang='grc' dir='ltr'>πᾶσαν</span> <span class='ocrx_word' id='word_1_305' title='bbox 1399 2911 1456 2964; x_wconf 78' lang='grc' dir='ltr'>δὲ</span> <span class='ocrx_word' id='word_1_306' title='bbox 1508 2913 1718 2965; x_wconf 77' lang='grc' dir='ltr'>ἐνθένδε</span> <span class='ocrx_word' id='word_1_307' title='bbox 1750 2913 1904 2966; x_wconf 82' lang='grc' dir='ltr'>λείαν</span> 
     </span>
    </p>
   </div>
   <div class='ocr_carea' id='block_1_44' title="bbox 345 3000 1912 3072">
    <p class='ocr_par' dir='ltr' id='par_1_44' title="bbox 345 3000 1912 3072">
     <span class='ocr_line' id='line_1_44' title="bbox 345 3000 1912 3072; baseline 0.002 -20"><span class='ocrx_word' id='word_1_308' title='bbox 345 3000 584 3054; x_wconf 88' lang='grc' dir='ltr'>ἐλάσειν.</span> <span class='ocrx_word' id='word_1_309' title='bbox 635 3001 800 3068; x_wconf 77' lang='grc' dir='ltr'>Ἐμδς</span> <span class='ocrx_word' id='word_1_310' title='bbox 851 3004 988 3063; x_wconf 81' lang='grc' dir='ltr'>τέως</span> <span class='ocrx_word' id='word_1_311' title='bbox 1037 3001 1222 3064; x_wconf 82' lang='grc' dir='ltr'>Ἠλίας</span> <span class='ocrx_word' id='word_1_312' title='bbox 1275 3018 1362 3064; x_wconf 88' lang='grc' dir='ltr'><strong>τις</strong></span> <span class='ocrx_word' id='word_1_313' title='bbox 1419 3002 1779 3072; x_wconf 77' lang='grc' dir='ltr'>ἐθαυμάζετο,</span> <span class='ocrx_word' id='word_1_314' title='bbox 1815 3006 1912 3057; x_wconf 72' lang='grc' dir='ltr'><strong>καὶ</strong></span> 
     </span>
    </p>
   </div>
   <div class='ocr_carea' id='block_1_45' title="bbox 350 3091 1914 3166">
    <p class='ocr_par' dir='ltr' id='par_1_45' title="bbox 350 3091 1914 3166">
     <span class='ocr_line' id='line_1_45' title="bbox 350 3091 1914 3166; baseline 0.003 -21"><span class='ocrx_word' id='word_1_315' title='bbox 350 3093 457 3164; x_wconf 84' lang='grc' dir='ltr'><strong>πρὸ</strong></span> <span class='ocrx_word' id='word_1_316' title='bbox 492 3093 700 3146; x_wconf 86' lang='grc' dir='ltr'>ἐκείνου</span> <span class='ocrx_word' id='word_1_317' title='bbox 735 3092 934 3165; x_wconf 84' lang='grc' dir='ltr'>Ἑνὼχ,</span> <span class='ocrx_word' id='word_1_318' title='bbox 963 3091 1058 3157; x_wconf 83' lang='grc' dir='ltr'><strong>οὒς</strong></span> <span class='ocrx_word' id='word_1_319' title='bbox 1101 3094 1150 3146; x_wconf 81' lang='grc' dir='ltr'><strong>οἱ</strong></span> <span class='ocrx_word' id='word_1_320' title='bbox 1201 3092 1364 3163; x_wconf 88' lang='grc' dir='ltr'>δεῦρο</span> <span class='ocrx_word' id='word_1_321' title='bbox 1391 3096 1692 3158; x_wconf 81' lang='grc' dir='ltr'>κατιόντες,</span> <span class='ocrx_word' id='word_1_322' title='bbox 1729 3097 1914 3166; x_wconf 76' lang='grc' dir='ltr'>μακρὰ</span> 
     </span>
    </p>
   </div>
   <div class='ocr_carea' id='block_1_46' title="bbox 351 3185 1912 3258">
    <p class='ocr_par' dir='ltr' id='par_1_46' title="bbox 351 3185 1912 3258">
     <span class='ocr_line' id='line_1_46' title="bbox 351 3185 1912 3258; baseline 0.003 -20"><span class='ocrx_word' id='word_1_323' title='bbox 351 3185 728 3256; x_wconf 84' lang='grc' dir='ltr'>καταγελάσαι</span> <span class='ocrx_word' id='word_1_324' title='bbox 759 3189 858 3258; x_wconf 79' lang='grc' dir='ltr'><strong>τῆς</strong></span> <span class='ocrx_word' id='word_1_325' title='bbox 915 3187 1036 3255; x_wconf 86' lang='grc' dir='ltr'>ῐσης</span> <span class='ocrx_word' id='word_1_326' title='bbox 1091 3186 1274 3248; x_wconf 76' lang='grc' dir='ltr'>αὐτοῖς</span> <span class='ocrx_word' id='word_1_327' title='bbox 1322 3186 1610 3256; x_wconf 83' lang='grc' dir='ltr'>διηγοῦντο</span> <span class='ocrx_word' id='word_1_328' title='bbox 1659 3188 1912 3245; x_wconf 85' lang='grc' dir='ltr'>καθόδου.</span> 
     </span>
    </p>
   </div>
   <div class='ocr_carea' id='block_1_47' title="bbox 351 3271 1916 3349">
    <p class='ocr_par' dir='ltr' id='par_1_47' title="bbox 351 3271 1916 3349">
     <span class='ocr_line' id='line_1_47' title="bbox 351 3271 1916 3349; baseline 0.003 -21"><span class='ocrx_word' id='word_1_329' title='bbox 351 3271 522 3342; x_wconf 75' lang='grc' dir='ltr'>Οὗτος</span> <span class='ocrx_word' id='word_1_330' title='bbox 549 3278 624 3343; x_wconf 82' lang='grc' dir='ltr'>δὲ,</span> <span class='ocrx_word' id='word_1_331' title='bbox 656 3278 832 3332; x_wconf 75' lang='grc' dir='ltr'>καίτοι</span> <span class='ocrx_word' id='word_1_332' title='bbox 855 3279 932 3349; x_wconf 74' lang='grc' dir='ltr'><strong>μὴ</strong></span> <span class='ocrx_word' id='word_1_333' title='bbox 957 3277 1100 3331; x_wconf 80' lang='grc' dir='ltr'>κατᾶ</span> <span class='ocrx_word' id='word_1_334' title='bbox 1130 3279 1306 3331; x_wconf 80' lang='grc' dir='ltr'>ταυτά</span> <span class='ocrx_word' id='word_1_335' title='bbox 1335 3279 1430 3348; x_wconf 83' lang='grc' dir='ltr'>τῆς</span> <span class='ocrx_word' id='word_1_336' title='bbox 1456 3279 1756 3342; x_wconf 77' lang='grc' dir='ltr'>ἀθανασίας</span> <span class='ocrx_word' id='word_1_337' title='bbox 1776 3282 1916 3332; x_wconf 83' lang='grc' dir='ltr'>ἐκεί-</span> 
     </span>
    </p>
   </div>
   <div class='ocr_carea' id='block_1_48' title="bbox 351 3369 1915 3441">
    <p class='ocr_par' dir='ltr' id='par_1_48' title="bbox 351 3369 1915 3441">
     <span class='ocr_line' id='line_1_48' title="bbox 351 3369 1915 3441; baseline 0.001 -19"><span class='ocrx_word' id='word_1_338' title='bbox 351 3389 448 3439; x_wconf 85' lang='grc' dir='ltr'><strong>νης</strong></span> <span class='ocrx_word' id='word_1_339' title='bbox 488 3369 832 3441; x_wconf 85' lang='grc' dir='ltr'>μεταλαϐὼν,</span> <span class='ocrx_word' id='word_1_340' title='bbox 867 3369 1008 3423; x_wconf 76' lang='grc' dir='ltr'>ἀλλὰ</span> <span class='ocrx_word' id='word_1_341' title='bbox 1061 3372 1155 3427; x_wconf 69' lang='grc' dir='ltr'><strong>καὶ</strong></span> <span class='ocrx_word' id='word_1_342' title='bbox 1217 3369 1374 3434; x_wconf 80' lang='grc' dir='ltr'>δόξας</span> <span class='ocrx_word' id='word_1_343' title='bbox 1413 3371 1515 3439; x_wconf 69' lang='grc' dir='ltr'>ἤδη</span> <span class='ocrx_word' id='word_1_344' title='bbox 1569 3372 1915 3441; x_wconf 83' lang='grc' dir='ltr'>κρατεῖσθαι,</span> 
     </span>
    </p>
   </div>
   <div class='ocr_carea' id='block_1_49' title="bbox 352 3460 1916 3534">
    <p class='ocr_par' dir='ltr' id='par_1_49' title="bbox 352 3460 1916 3534">
     <span class='ocr_line' id='line_1_49' title="bbox 352 3460 1916 3534; baseline 0.001 -19"><span class='ocrx_word' id='word_1_345' title='bbox 352 3463 612 3533; x_wconf 80' lang='grc' dir='ltr'>ὑπερέχει</span> <span class='ocrx_word' id='word_1_346' title='bbox 659 3465 772 3526; x_wconf 86' lang='grc' dir='ltr'>τοῖς</span> <span class='ocrx_word' id='word_1_347' title='bbox 823 3462 988 3526; x_wconf 83' lang='grc' dir='ltr'>ὅλοις.</span> <span class='ocrx_word' id='word_1_348' title='bbox 1021 3461 1186 3528; x_wconf 82' lang='grc' dir='ltr'>Ἀλλ’,</span> <span class='ocrx_word' id='word_1_349' title='bbox 1218 3460 1263 3514; x_wconf 81' lang='grc' dir='ltr'><strong>ὣ</strong></span> <span class='ocrx_word' id='word_1_350' title='bbox 1300 3461 1352 3514; x_wconf 88' lang='grc' dir='ltr'><strong>τί</strong></span> <span class='ocrx_word' id='word_1_351' title='bbox 1390 3464 1586 3529; x_wconf 68' lang='grc' dir='ltr'>πάθως</span> <span class='ocrx_word' id='word_1_352' title='bbox 1623 3465 1916 3534; x_wconf 73' lang='grc' dir='ltr'>βέϐλημαι,</span> 
     </span>
    </p>
   </div>
   <div class='ocr_carea' id='block_1_50' title="bbox 353 3554 1352 3627">
    <p class='ocr_par' dir='ltr' id='par_1_50' title="bbox 353 3554 1352 3627">
     <span class='ocr_line' id='line_1_50' title="bbox 353 3554 1352 3627; baseline 0.001 -19"><span class='ocrx_word' id='word_1_353' title='bbox 353 3556 701 3626; x_wconf 78' lang='grc' dir='ltr'>πέπληγμαι,</span> <span class='ocrx_word' id='word_1_354' title='bbox 735 3554 1077 3627; x_wconf 71' lang='grc' dir='ltr'>καθῄρημαὶ,</span> <span class='ocrx_word' id='word_1_355' title='bbox 1108 3555 1223 3608; x_wconf 88' lang='grc' dir='ltr'>δεδε</span> <span class='ocrx_word' id='word_1_356' title='bbox 1234 3573 1352 3626; x_wconf 89' lang='grc' dir='ltr'>μαι.</span> 
     </span>
    </p>
   </div>
   <div class='ocr_carea' id='block_1_51' title="bbox 425 3669 1920 3742">
    <p class='ocr_par' dir='ltr' id='par_1_51' title="bbox 425 3669 1920 3742">
     <span class='ocr_line' id='line_1_51' title="bbox 425 3669 1920 3742; baseline 0.002 -20"><span class='ocrx_word' id='word_1_357' title='bbox 425 3670 583 3722; x_wconf 77' lang='grc' dir='ltr'>Οῦτω</span> <span class='ocrx_word' id='word_1_358' title='bbox 641 3671 736 3723; x_wconf 74' lang='grc' dir='ltr'><strong>καὶ</strong></span> <span class='ocrx_word' id='word_1_359' title='bbox 801 3670 891 3723; x_wconf 74' lang='grc' dir='ltr'>τὸν</span> <span class='ocrx_word' id='word_1_360' title='bbox 945 3669 1078 3742; x_wconf 71' lang='grc' dir='ltr'>ᾅδην</span> <span class='ocrx_word' id='word_1_361' title='bbox 1129 3670 1458 3742; x_wconf 78' lang='grc' dir='ltr'>ὀδυρόμενον</span> <span class='ocrx_word' id='word_1_362' title='bbox 1523 3672 1794 3742; x_wconf 77' lang='grc' dir='ltr'>ἐδεξάμην</span> <span class='ocrx_word' id='word_1_363' title='bbox 1841 3676 1920 3738; x_wconf 85' lang='grc' dir='ltr'>εἰς</span> 
     </span>
    </p>
   </div>
   <div class='ocr_carea' id='block_1_52' title="bbox 358 3756 1917 3833">
    <p class='ocr_par' dir='ltr' id='par_1_52' title="bbox 358 3756 1917 3833">
     <span class='ocr_line' id='line_1_52' title="bbox 358 3756 1917 3833; baseline 0.002 -18"><span class='ocrx_word' id='word_1_364' title='bbox 358 3756 492 3826; x_wconf 74' lang='grc' dir='ltr'>ὦτα,</span> <span class='ocrx_word' id='word_1_365' title='bbox 526 3762 622 3813; x_wconf 73' lang='grc' dir='ltr'>καὶ</span> <span class='ocrx_word' id='word_1_366' title='bbox 669 3760 797 3832; x_wconf 84' lang='grc' dir='ltr'>παρ’</span> <span class='ocrx_word' id='word_1_367' title='bbox 834 3762 1000 3814; x_wconf 83' lang='grc' dir='ltr'>αὑτοῦ</span> <span class='ocrx_word' id='word_1_368' title='bbox 1048 3763 1148 3833; x_wconf 82' lang='grc' dir='ltr'>τὴν</span> <span class='ocrx_word' id='word_1_369' title='bbox 1195 3757 1362 3815; x_wconf 79' lang='grc' dir='ltr'>αὑτοῦ</span> <span class='ocrx_word' id='word_1_370' title='bbox 1392 3762 1695 3814; x_wconf 80' lang='grc' dir='ltr'>κατάλυσιν</span> <span class='ocrx_word' id='word_1_371' title='bbox 1725 3764 1917 3830; x_wconf 78' lang='grc' dir='ltr'>ἔγνων.</span> 
     </span>
    </p>
   </div>
   <div class='ocr_carea' id='block_1_53' title="bbox 435 3855 1919 3928">
    <p class='ocr_par' dir='ltr' id='par_1_53' title="bbox 435 3855 1919 3928">
     <span class='ocr_line' id='line_1_53' title="bbox 435 3855 1919 3928; baseline 0.001 -20"><span class='ocrx_word' id='word_1_372' title='bbox 435 3856 581 3926; x_wconf 75' lang='grc' dir='ltr'>Ὦρα</span> <span class='ocrx_word' id='word_1_373' title='bbox 607 3856 670 3923; x_wconf 81' lang='grc' dir='ltr'><strong>δὴ</strong></span> <span class='ocrx_word' id='word_1_374' title='bbox 696 3858 759 3925; x_wconf 71' lang='grc' dir='ltr'>τῇ</span> <span class='ocrx_word' id='word_1_375' title='bbox 787 3855 948 3925; x_wconf 81' lang='grc' dir='ltr'>φύσει</span> <span class='ocrx_word' id='word_1_376' title='bbox 981 3857 1089 3908; x_wconf 85' lang='grc' dir='ltr'><strong>τῶν</strong></span> <span class='ocrx_word' id='word_1_377' title='bbox 1114 3857 1420 3928; x_wconf 79' lang='grc' dir='ltr'>ἀνθρώπων</span> <span class='ocrx_word' id='word_1_378' title='bbox 1453 3859 1597 3910; x_wconf 80' lang='grc' dir='ltr'>κατὰ</span> <span class='ocrx_word' id='word_1_379' title='bbox 1617 3857 1712 3910; x_wconf 83' lang='grc' dir='ltr'><strong>τοῦ</strong></span> <span class='ocrx_word' id='word_1_380' title='bbox 1755 3873 1919 3926; x_wconf 88' lang='grc' dir='ltr'>πονη-</span> 
     </span>
    </p>
   </div>
   <div class='ocr_carea' id='block_1_54' title="bbox 363 3944 1924 4018">
    <p class='ocr_par' dir='ltr' id='par_1_54' title="bbox 363 3944 1924 4018">
     <span class='ocr_line' id='line_1_54' title="bbox 363 3944 1924 4018; baseline 0 -19"><span class='ocrx_word' id='word_1_381' title='bbox 363 3946 455 4014; x_wconf 84' lang='grc' dir='ltr'><strong>ροῦ</strong></span> <span class='ocrx_word' id='word_1_382' title='bbox 483 3947 964 4016; x_wconf 80' lang='grc' dir='ltr'>μεγαλαυχεῖσθαι.</span> <span class='ocrx_word' id='word_1_383' title='bbox 1011 3944 1076 4000; x_wconf 83' lang='grc' dir='ltr'><strong>Ἦ</strong></span> <span class='ocrx_word' id='word_1_384' title='bbox 1106 3949 1213 4016; x_wconf 83' lang='grc' dir='ltr'><strong>γὰρ</strong></span> <span class='ocrx_word' id='word_1_385' title='bbox 1260 3948 1363 4000; x_wconf 80' lang='grc' dir='ltr'><strong>οὐκ</strong></span> <span class='ocrx_word' id='word_1_386' title='bbox 1389 3948 1750 4018; x_wconf 74' lang='grc' dir='ltr'>ἠγαπημένη.</span> <span class='ocrx_word' id='word_1_387' title='bbox 1783 3949 1924 4017; x_wconf 74' lang='grc' dir='ltr'>ἠγα-</span> 
     </span>
    </p>
   </div>
   <div class='ocr_carea' id='block_1_55' title="bbox 359 4040 1923 4112">
    <p class='ocr_par' dir='ltr' id='par_1_55' title="bbox 359 4040 1923 4112">
     <span class='ocr_line' id='line_1_55' title="bbox 359 4040 1923 4112; baseline 0.002 -22"><span class='ocrx_word' id='word_1_388' title='bbox 359 4040 580 4110; x_wconf 80' lang='grc' dir='ltr'>πημένη</span> <span class='ocrx_word' id='word_1_389' title='bbox 607 4040 832 4111; x_wconf 80' lang='grc' dir='ltr'>ἐκλήθη,</span> <span class='ocrx_word' id='word_1_390' title='bbox 863 4041 959 4094; x_wconf 75' lang='grc' dir='ltr'><strong>καὶ</strong></span> <span class='ocrx_word' id='word_1_391' title='bbox 1009 4041 1145 4094; x_wconf 86' lang='grc' dir='ltr'>Θεοῦ</span> <span class='ocrx_word' id='word_1_392' title='bbox 1177 4041 1481 4112; x_wconf 81' lang='grc' dir='ltr'>τετύχηκεν</span> <span class='ocrx_word' id='word_1_393' title='bbox 1543 4041 1799 4111; x_wconf 81' lang='grc' dir='ltr'>ἐραστοῦ.</span> <span class='ocrx_word' id='word_1_394' title='bbox 1861 4041 1923 4095; x_wconf 72' lang='grc' dir='ltr'><strong>Ι·Σί</strong></span> 
     </span>
    </p>
   </div>
   <div class='ocr_carea' id='block_1_56' title="bbox 355 4133 1924 4205">
    <p class='ocr_par' dir='ltr' id='par_1_56' title="bbox 355 4133 1924 4205">
     <span class='ocr_line' id='line_1_56' title="bbox 355 4133 1924 4205; baseline 0.001 -20"><span class='ocrx_word' id='word_1_395' title='bbox 355 4136 466 4202; x_wconf 76' lang='grc' dir='ltr'><strong>γὰρ</strong></span> <span class='ocrx_word' id='word_1_396' title='bbox 507 4133 682 4203; x_wconf 74' lang='grc' dir='ltr'>πατὴρ</span> <span class='ocrx_word' id='word_1_397' title='bbox 717 4136 882 4186; x_wconf 83' lang='grc' dir='ltr'>παῖδα</span> <span class='ocrx_word' id='word_1_398' title='bbox 913 4133 1060 4202; x_wconf 79' lang='grc' dir='ltr'><strong>φιλεῖ</strong></span> <span class='ocrx_word' id='word_1_399' title='bbox 1087 4133 1219 4186; x_wconf 86' lang='grc' dir='ltr'>διότι</span> <span class='ocrx_word' id='word_1_400' title='bbox 1258 4133 1557 4205; x_wconf 82' lang='grc' dir='ltr'>γεγέννηκε</span> <span class='ocrx_word' id='word_1_401' title='bbox 1579 4176 1594 4200; x_wconf 95' lang='grc'><strong>,</strong></span> <span class='ocrx_word' id='word_1_402' title='bbox 1650 4136 1743 4202; x_wconf 70' lang='grc' dir='ltr'><strong>καὶ</strong></span> <span class='ocrx_word' id='word_1_403' title='bbox 1792 4134 1924 4195; x_wconf 75' lang='grc' dir='ltr'>Θεὸς</span> 
     </span>
    </p>
   </div>
   <div class='ocr_carea' id='block_1_57' title="bbox 359 4225 1924 4297">
    <p class='ocr_par' dir='ltr' id='par_1_57' title="bbox 359 4225 1924 4297">
     <span class='ocr_line' id='line_1_57' title="bbox 359 4225 1924 4297; baseline -0.001 -19"><span class='ocrx_word' id='word_1_404' title='bbox 359 4226 576 4289; x_wconf 82' lang='grc' dir='ltr'>πάντως</span> <span class='ocrx_word' id='word_1_405' title='bbox 608 4225 894 4292; x_wconf 83' lang='grc' dir='ltr'>ἄνθρωπον</span> <span class='ocrx_word' id='word_1_406' title='bbox 926 4227 1008 4280; x_wconf 86' lang='grc' dir='ltr'>ὅτι</span> <span class='ocrx_word' id='word_1_407' title='bbox 1053 4226 1548 4297; x_wconf 81' lang='grc' dir='ltr'>δεδημιούργηκεν.</span> <span class='ocrx_word' id='word_1_408' title='bbox 1611 4229 1707 4290; x_wconf 89' lang='grc' dir='ltr'>Ὃς</span> <span class='ocrx_word' id='word_1_409' title='bbox 1761 4226 1924 4279; x_wconf 73' lang='grc' dir='ltr'>αὐτὸν</span> 
     </span>
    </p>
   </div>
   <div class='ocr_carea' id='block_1_58' title="bbox 358 4317 1924 4387">
    <p class='ocr_par' dir='ltr' id='par_1_58' title="bbox 358 4317 1924 4387">
     <span class='ocr_line' id='line_1_58' title="bbox 358 4317 1924 4387; baseline -0.003 -16"><span class='ocrx_word' id='word_1_410' title='bbox 358 4317 451 4371; x_wconf 85' lang='grc' dir='ltr'><strong>τοῦ</strong></span> <span class='ocrx_word' id='word_1_411' title='bbox 483 4318 580 4384; x_wconf 81' lang='grc' dir='ltr'><strong>μὲν</strong></span> <span class='ocrx_word' id='word_1_412' title='bbox 615 4317 850 4384; x_wconf 77' lang='grc' dir='ltr'>πρόσθεν</span> <span class='ocrx_word' id='word_1_413' title='bbox 883 4317 1148 4384; x_wconf 87' lang='grc' dir='ltr'>τυράννου</span> <span class='ocrx_word' id='word_1_414' title='bbox 1198 4318 1411 4371; x_wconf 83' lang='grc' dir='ltr'>τέθεικε</span> <span class='ocrx_word' id='word_1_415' title='bbox 1475 4318 1743 4387; x_wconf 83' lang='grc' dir='ltr'>κρείττω·</span> <span class='ocrx_word' id='word_1_416' title='bbox 1779 4317 1924 4368; x_wconf 87' lang='grc' dir='ltr'>ἐκεί-</span> 
     </span>
    </p>
   </div>
   <div class='ocr_carea' id='block_1_59' title="bbox 358 4384 2001 4479">
    <p class='ocr_par' dir='ltr' id='par_1_59' title="bbox 358 4384 2001 4479">
     <span class='ocr_line' id='line_1_59' title="bbox 358 4384 2001 4479; baseline -0.001 -17"><span class='ocrx_word' id='word_1_417' title='bbox 358 4427 450 4462; x_wconf 90' lang='grc' dir='ltr'><strong>νου</strong></span> <span class='ocrx_word' id='word_1_418' title='bbox 497 4410 553 4461; x_wconf 83' lang='grc' dir='ltr'><strong>δέ</strong></span> <span class='ocrx_word' id='word_1_419' title='bbox 586 4408 683 4477; x_wconf 81' lang='grc' dir='ltr'>τῆς</span> <span class='ocrx_word' id='word_1_420' title='bbox 718 4410 1031 4478; x_wconf 84' lang='grc' dir='ltr'>τυραννίδος</span> <span class='ocrx_word' id='word_1_421' title='bbox 1088 4384 1717 4479; x_wconf 38' lang='grc' dir='ltr'>παραλυθείσης-δεσμὰ</span> <span class='ocrx_word' id='word_1_422' title='bbox 1768 4425 1924 4460; x_wconf 82' lang='grc' dir='ltr'>κατε-</span> <span class='ocrx_word' id='word_1_423' title='bbox 1955 4384 2001 4440; x_wconf 79' lang='lat' dir='ltr'>D</span> 
     </span>
    </p>
   </div>
   <div class='ocr_carea' id='block_1_60' title="bbox 356 4499 1926 4570">
    <p class='ocr_par' dir='ltr' id='par_1_60' title="bbox 356 4499 1926 4570">
     <span class='ocr_line' id='line_1_60' title="bbox 356 4499 1926 4570; baseline -0.003 -17"><span class='ocrx_word' id='word_1_424' title='bbox 356 4501 639 4570; x_wconf 73' lang='grc' dir='ltr'>ψηφίσατό</span> <span class='ocrx_word' id='word_1_425' title='bbox 668 4500 764 4553; x_wconf 78' lang='grc' dir='ltr'>καὶ</span> <span class='ocrx_word' id='word_1_426' title='bbox 808 4501 1081 4570; x_wconf 82' lang='grc' dir='ltr'>τάρταρον</span> <span class='ocrx_word' id='word_1_427' title='bbox 1125 4500 1219 4552; x_wconf 76' lang='grc' dir='ltr'><strong>καὶ</strong></span> <span class='ocrx_word' id='word_1_428' title='bbox 1255 4500 1432 4554; x_wconf 76' lang='grc' dir='ltr'>κλοιά.</span> <span class='ocrx_word' id='word_1_429' title='bbox 1490 4500 1634 4551; x_wconf 84' lang='grc' dir='ltr'>Ἔδει</span> <span class='ocrx_word' id='word_1_430' title='bbox 1691 4499 1788 4568; x_wconf 81' lang='grc' dir='ltr'><strong>μὲν</strong></span> <span class='ocrx_word' id='word_1_431' title='bbox 1818 4501 1926 4568; x_wconf 82' lang='grc' dir='ltr'>γὰρ</span> 
     </span>
    </p>
   </div>
   <div class='ocr_carea' id='block_1_61' title="bbox 356 4589 1924 4663">
    <p class='ocr_par' dir='ltr' id='par_1_61' title="bbox 356 4589 1924 4663">
     <span class='ocr_line' id='line_1_61' title="bbox 356 4589 1924 4663; baseline -0.002 -18"><span class='ocrx_word' id='word_1_432' title='bbox 356 4594 492 4662; x_wconf 79' lang='grc' dir='ltr'>ἡμῖν</span> <span class='ocrx_word' id='word_1_433' title='bbox 527 4591 784 4663; x_wconf 76' lang='grc' dir='ltr'>βοηθείας</span> <span class='ocrx_word' id='word_1_434' title='bbox 805 4592 993 4653; x_wconf 86' lang='grc' dir='ltr'>κακῶς</span> <span class='ocrx_word' id='word_1_435' title='bbox 1021 4591 1210 4660; x_wconf 79' lang='grc' dir='ltr'>ἔχουσι</span> <span class='ocrx_word' id='word_1_436' title='bbox 1238 4606 1253 4620; x_wconf 95' lang='grc'><strong>·</strong></span> <span class='ocrx_word' id='word_1_437' title='bbox 1288 4591 1366 4660; x_wconf 84' lang='grc' dir='ltr'><strong>τῷ</strong></span> <span class='ocrx_word' id='word_1_438' title='bbox 1403 4591 1458 4642; x_wconf 84' lang='grc' dir='ltr'>δὲ</span> <span class='ocrx_word' id='word_1_439' title='bbox 1509 4591 1798 4658; x_wconf 79' lang='grc' dir='ltr'>περιουσία</span> <span class='ocrx_word' id='word_1_440' title='bbox 1832 4589 1924 4642; x_wconf 82' lang='grc' dir='ltr'><strong>τοῦ</strong></span> 
     </span>
    </p>
   </div>
   <div class='ocr_carea' id='block_1_62' title="bbox 299 4679 1927 4756">
    <p class='ocr_par' dir='ltr' id='par_1_62' title="bbox 299 4679 1927 4756">
     <span class='ocr_line' id='line_1_62' title="bbox 299 4679 1927 4756; baseline -0.005 -17"><span class='ocrx_word' id='word_1_441' title='bbox 299 4697 303 4700; x_wconf 84' lang='grc'><strong>’</strong></span> <span class='ocrx_word' id='word_1_442' title='bbox 361 4685 579 4756; x_wconf 79' lang='grc' dir='ltr'>βοηθεῖν</span> <span class='ocrx_word' id='word_1_443' title='bbox 609 4679 698 4754; x_wconf 78' lang='grc' dir='ltr'>ἦν.</span> <span class='ocrx_word' id='word_1_444' title='bbox 733 4683 796 4736; x_wconf 83' lang='grc' dir='ltr'><strong>Εἰ</strong></span> <span class='ocrx_word' id='word_1_445' title='bbox 826 4683 936 4754; x_wconf 75' lang='grc' dir='ltr'><strong>γὰρ</strong></span> <span class='ocrx_word' id='word_1_446' title='bbox 956 4685 1047 4735; x_wconf 69' lang='grc' dir='ltr'>τὸν</span> <span class='ocrx_word' id='word_1_447' title='bbox 1077 4683 1303 4752; x_wconf 68' lang='grc' dir='ltr'>οὐρανὸν</span> <span class='ocrx_word' id='word_1_448' title='bbox 1330 4684 1531 4752; x_wconf 72' lang='grc' dir='ltr'>πληροῖ</span> <span class='ocrx_word' id='word_1_449' title='bbox 1557 4685 1651 4737; x_wconf 80' lang='grc' dir='ltr'>καὶ</span> <span class='ocrx_word' id='word_1_450' title='bbox 1673 4685 1771 4753; x_wconf 75' lang='grc' dir='ltr'>τὴν</span> <span class='ocrx_word' id='word_1_451' title='bbox 1801 4686 1927 4752; x_wconf 73' lang='grc' dir='ltr'>γῆν,</span> 
     </span>
    </p>
   </div>
   <div class='ocr_carea' id='block_1_63' title="bbox 359 4774 1928 4844">
    <p class='ocr_par' dir='ltr' id='par_1_63' title="bbox 359 4774 1928 4844">
     <span class='ocr_line' id='line_1_63' title="bbox 359 4774 1928 4844; baseline -0.003 -15"><span class='ocrx_word' id='word_1_452' title='bbox 359 4777 456 4829; x_wconf 78' lang='grc' dir='ltr'><strong>καὶ</strong></span> <span class='ocrx_word' id='word_1_453' title='bbox 483 4776 647 4838; x_wconf 78' lang='grc' dir='ltr'>αὐτὸς</span> <span class='ocrx_word' id='word_1_454' title='bbox 681 4775 864 4828; x_wconf 88' lang='grc' dir='ltr'>πάντα</span> <span class='ocrx_word' id='word_1_455' title='bbox 910 4776 1203 4842; x_wconf 72' lang='grc' dir='ltr'>πεποίηκε,</span> <span class='ocrx_word' id='word_1_456' title='bbox 1239 4775 1398 4840; x_wconf 78' lang='grc' dir='ltr'>δῆλον</span> <span class='ocrx_word' id='word_1_457' title='bbox 1430 4775 1504 4837; x_wconf 85' lang='grc' dir='ltr'>ὡς</span> <span class='ocrx_word' id='word_1_458' title='bbox 1533 4775 1626 4827; x_wconf 74' lang='grc' dir='ltr'>καὶ</span> <span class='ocrx_word' id='word_1_459' title='bbox 1657 4775 1814 4844; x_wconf 79' lang='grc' dir='ltr'>μόνος</span> <span class='ocrx_word' id='word_1_460' title='bbox 1861 4774 1928 4827; x_wconf 86' lang='grc' dir='ltr'><strong>ἂν</strong></span> 
     </span>
    </p>
   </div>
   <div class='ocr_carea' id='block_1_64' title="bbox 361 4865 1932 4936">
    <p class='ocr_par' dir='ltr' id='par_1_64' title="bbox 361 4865 1932 4936">
     <span class='ocr_line' id='line_1_64' title="bbox 361 4865 1932 4936; baseline -0.003 -14"><span class='ocrx_word' id='word_1_461' title='bbox 361 4869 525 4932; x_wconf 74' lang='grc' dir='ltr'>αὐτὸς</span> <span class='ocrx_word' id='word_1_462' title='bbox 554 4867 736 4920; x_wconf 84' lang='grc' dir='ltr'>πάντα</span> <span class='ocrx_word' id='word_1_463' title='bbox 772 4865 1013 4920; x_wconf 71' lang='grc' dir='ltr'>δύναιτο.</span> <span class='ocrx_word' id='word_1_464' title='bbox 1073 4867 1183 4918; x_wconf 73' lang='grc' dir='ltr'>Καὶ</span> <span class='ocrx_word' id='word_1_465' title='bbox 1229 4867 1423 4918; x_wconf 68' lang='grc' dir='ltr'>τούτου</span> <span class='ocrx_word' id='word_1_466' title='bbox 1481 4866 1556 4934; x_wconf 81' lang='grc' dir='ltr'><strong>μὴ</strong></span> <span class='ocrx_word' id='word_1_467' title='bbox 1590 4867 1727 4936; x_wconf 69' lang='grc' dir='ltr'>πρὸς</span> <span class='ocrx_word' id='word_1_468' title='bbox 1784 4868 1932 4935; x_wconf 77' lang='grc' dir='ltr'>ἡμᾶς</span> 
     </span>
    </p>
   </div>
   <div class='ocr_carea' id='block_1_65' title="bbox 359 4955 1934 5027">
    <p class='ocr_par' dir='ltr' id='par_1_65' title="bbox 359 4955 1934 5027">
     <span class='ocr_line' id='line_1_65' title="bbox 359 4955 1934 5027; baseline -0.001 -15"><span class='ocrx_word' id='word_1_469' title='bbox 359 4959 724 5020; x_wconf 86' lang='grc' dir='ltr'>καταϐάντος,</span> <span class='ocrx_word' id='word_1_470' title='bbox 797 4956 927 5010; x_wconf 74' lang='grc' dir='ltr'>σκιὰ</span> <span class='ocrx_word' id='word_1_471' title='bbox 971 4957 1154 5026; x_wconf 86' lang='grc' dir='ltr'>πάσης</span> <span class='ocrx_word' id='word_1_472' title='bbox 1216 4955 1566 5026; x_wconf 81' lang='grc' dir='ltr'>ἀνθρωπίνης</span> <span class='ocrx_word' id='word_1_473' title='bbox 1607 4958 1934 5027; x_wconf 78' lang='grc' dir='ltr'>ἐπικουρίας</span> 
     </span>
    </p>
   </div>
   <div class='ocr_carea' id='block_1_66' title="bbox 362 5049 1932 5122">
    <p class='ocr_par' dir='ltr' id='par_1_66' title="bbox 362 5049 1932 5122">
     <span class='ocr_line' id='line_1_66' title="bbox 362 5049 1932 5122; baseline -0.002 -19"><span class='ocrx_word' id='word_1_474' title='bbox 362 5053 537 5122; x_wconf 81' lang='grc' dir='ltr'>ἰσχύς.</span> <span class='ocrx_word' id='word_1_475' title='bbox 600 5053 662 5103; x_wconf 78' lang='grc' dir='ltr'><strong>ι’Λ</strong></span> <span class='ocrx_word' id='word_1_476' title='bbox 700 5050 810 5120; x_wconf 83' lang='grc' dir='ltr'>γὰρ</span> <span class='ocrx_word' id='word_1_477' title='bbox 854 5049 1110 5110; x_wconf 80' lang='grc' dir='ltr'>τοσοῦτος</span> <span class='ocrx_word' id='word_1_478' title='bbox 1161 5049 1458 5118; x_wconf 81' lang='grc' dir='ltr'>προφητῶν</span> <span class='ocrx_word' id='word_1_479' title='bbox 1510 5050 1764 5118; x_wconf 74' lang='grc' dir='ltr'>ἀριθμὸς,</span> <span class='ocrx_word' id='word_1_480' title='bbox 1813 5049 1932 5100; x_wconf 81' lang='grc' dir='ltr'><strong>οὐδέ</strong></span> 
     </span>
    </p>
   </div>
   <div class='ocr_carea' id='block_1_67' title="bbox 356 5140 1934 5211">
    <p class='ocr_par' dir='ltr' id='par_1_67' title="bbox 356 5140 1934 5211">
     <span class='ocr_line' id='line_1_67' title="bbox 356 5140 1934 5211; baseline -0.001 -17"><span class='ocrx_word' id='word_1_481' title='bbox 356 5147 455 5211; x_wconf 82' lang='grc' dir='ltr'><strong>τῆς</strong></span> <span class='ocrx_word' id='word_1_482' title='bbox 496 5144 758 5204; x_wconf 80' lang='grc' dir='ltr'>Ἰουδαίας</span> <span class='ocrx_word' id='word_1_483' title='bbox 811 5141 1191 5210; x_wconf 68' lang='grc' dir='ltr'>παρακινῆσαι</span> <span class='ocrx_word' id='word_1_484' title='bbox 1229 5141 1447 5211; x_wconf 78' lang='grc' dir='ltr'>ἴσχυσεν</span> <span class='ocrx_word' id='word_1_485' title='bbox 1495 5141 1713 5202; x_wconf 75' lang='grc' dir='ltr'>εἴδωλα,</span> <span class='ocrx_word' id='word_1_486' title='bbox 1764 5140 1934 5194; x_wconf 84' lang='grc' dir='ltr'>ταῦτα</span> 
     </span>
    </p>
   </div>
   <div class='ocr_carea' id='block_1_68' title="bbox 364 5214 1935 5305">
    <p class='ocr_par' dir='ltr' id='par_1_68' title="bbox 364 5214 1935 5305">
     <span class='ocr_line' id='line_1_68' title="bbox 364 5214 1935 5305; baseline -0.003 -18"><span class='ocrx_word' id='word_1_487' title='bbox 364 5234 602 5305; x_wconf 82' lang='grc' dir='ltr'>Χριστὸς</span> <span class='ocrx_word' id='word_1_488' title='bbox 666 5232 839 5286; x_wconf 83' lang='grc' dir='ltr'>ἐλθὼν</span> <span class='ocrx_word' id='word_1_489' title='bbox 883 5232 1019 5285; x_wconf 75' lang='grc' dir='ltr'>ὡσεὶ</span> <span class='ocrx_word' id='word_1_490' title='bbox 1085 5214 1291 5285; x_wconf 65' lang='grc' dir='ltr'>καττιλν</span> <span class='ocrx_word' id='word_1_491' title='bbox 1345 5232 1592 5284; x_wconf 85' lang='grc' dir='ltr'>ἐκλιπεῖν</span> <span class='ocrx_word' id='word_1_492' title='bbox 1637 5233 1702 5284; x_wconf 84' lang='grc' dir='ltr'><strong>ἐκ</strong></span> <span class='ocrx_word' id='word_1_493' title='bbox 1753 5232 1935 5299; x_wconf 77' lang='grc' dir='ltr'>πάσης</span> 
     </span>
    </p>
   </div>
   <div class='ocr_carea' id='block_1_69' title="bbox 358 5323 1937 5398">
    <p class='ocr_par' dir='ltr' id='par_1_69' title="bbox 358 5323 1937 5398">
     <span class='ocr_line' id='line_1_69' title="bbox 358 5323 1937 5398; baseline -0.004 -20"><span class='ocrx_word' id='word_1_494' title='bbox 358 5331 644 5398; x_wconf 68' lang='grc' dir='ltr'>ἠνάγκασε</span> <span class='ocrx_word' id='word_1_495' title='bbox 671 5327 795 5395; x_wconf 71' lang='grc' dir='ltr'>γῆς.</span> <span class='ocrx_word' id='word_1_496' title='bbox 831 5327 944 5394; x_wconf 81' lang='grc' dir='ltr'><strong>Τῆς</strong></span> <span class='ocrx_word' id='word_1_497' title='bbox 995 5326 1104 5395; x_wconf 75' lang='grc' dir='ltr'>γὰρ</span> <span class='ocrx_word' id='word_1_498' title='bbox 1138 5325 1279 5376; x_wconf 71' lang='grc' dir='ltr'>κατὰ</span> <span class='ocrx_word' id='word_1_499' title='bbox 1309 5325 1404 5394; x_wconf 73' lang='grc' dir='ltr'>τὴν</span> <span class='ocrx_word' id='word_1_500' title='bbox 1442 5324 1666 5393; x_wconf 84' lang='grc' dir='ltr'>πρώτην</span> <span class='ocrx_word' id='word_1_501' title='bbox 1717 5323 1937 5391; x_wconf 67' lang='grc' dir='ltr'>ἐντολὴν</span> 
     </span>
    </p>
   </div>
   <div class='ocr_carea' id='block_1_70' title="bbox 359 5413 1925 5490">
    <p class='ocr_par' dir='ltr' id='par_1_70' title="bbox 359 5413 1925 5490">
     <span class='ocr_line' id='line_1_70' title="bbox 359 5413 1925 5490; baseline -0.006 -16"><span class='ocrx_word' id='word_1_502' title='bbox 359 5420 752 5490; x_wconf 68' lang='grc' dir='ltr'>παραϐάσεως,</span> <span class='ocrx_word' id='word_1_503' title='bbox 783 5420 879 5471; x_wconf 66' lang='grc' dir='ltr'>καὶ</span> <span class='ocrx_word' id='word_1_504' title='bbox 935 5419 1033 5486; x_wconf 72' lang='grc' dir='ltr'><strong>τῆς</strong></span> <span class='ocrx_word' id='word_1_505' title='bbox 1069 5419 1206 5486; x_wconf 74' lang='grc' dir='ltr'>μετὰ</span> <span class='ocrx_word' id='word_1_506' title='bbox 1238 5416 1397 5469; x_wconf 80' lang='grc' dir='ltr'>τοῦτο</span> <span class='ocrx_word' id='word_1_507' title='bbox 1435 5416 1568 5485; x_wconf 72' lang='grc' dir='ltr'>πρὸς</span> <span class='ocrx_word' id='word_1_508' title='bbox 1619 5417 1687 5468; x_wconf 81' lang='grc' dir='ltr'>τὰ</span> <span class='ocrx_word' id='word_1_509' title='bbox 1734 5413 1925 5468; x_wconf 71' lang='grc' dir='ltr'>είδωὶα</span> 
     </span>
    </p>
   </div>
   <div class='ocr_carea' id='block_1_71' title="bbox 358 5505 1926 5583">
    <p class='ocr_par' dir='ltr' id='par_1_71' title="bbox 358 5505 1926 5583">
     <span class='ocr_line' id='line_1_71' title="bbox 358 5505 1926 5583; baseline -0.007 -16"><span class='ocrx_word' id='word_1_510' title='bbox 358 5513 467 5567; x_wconf 81' lang='grc' dir='ltr'><strong>τῶν</strong></span> <span class='ocrx_word' id='word_1_511' title='bbox 497 5510 805 5583; x_wconf 82' lang='grc' dir='ltr'>ἀνθρώπων</span> <span class='ocrx_word' id='word_1_512' title='bbox 828 5509 1273 5579; x_wconf 78' lang='grc' dir='ltr'>αὐτομολήσεως,</span> <span class='ocrx_word' id='word_1_513' title='bbox 1306 5510 1633 5576; x_wconf 77' lang='grc' dir='ltr'>ἰσχυροτέρα</span> <span class='ocrx_word' id='word_1_514' title='bbox 1653 5506 1776 5574; x_wconf 72' lang='grc' dir='ltr'>’τὴν</span> <span class='ocrx_word' id='word_1_515' title='bbox 1798 5505 1926 5556; x_wconf 69' lang='grc' dir='ltr'>ἐαυ-</span> 
     </span>
    </p>
   </div>
   <div class='ocr_carea' id='block_1_72' title="bbox 431 5708 1682 5786">
    <p class='ocr_par' dir='ltr' id='par_1_72' title="bbox 431 5708 1682 5786">
     <span class='ocr_line' id='line_1_72' title="bbox 431 5708 1682 5786; baseline -0.003 -22"><span class='ocrx_word' id='word_1_516' title='bbox 431 5713 541 5778; x_wconf 71' lang='lat' dir='ltr'><strong>Ill)</strong></span> <span class='ocrx_word' id='word_1_517' title='bbox 576 5713 864 5786; x_wconf 81' lang='lat' dir='ltr'><strong>sumptum</strong></span> <span class='ocrx_word' id='word_1_518' title='bbox 890 5719 971 5765; x_wconf 86' lang='lat' dir='ltr'><strong>est</strong></span> <span class='ocrx_word' id='word_1_519' title='bbox 999 5711 1100 5763; x_wconf 93' lang='lat' dir='ltr'><strong>hoc</strong></span> <span class='ocrx_word' id='word_1_520' title='bbox 1121 5725 1183 5762; x_wconf 64' lang='lat' dir='ltr'><strong>ex</strong></span> <span class='ocrx_word' id='word_1_521' title='bbox 1213 5708 1362 5760; x_wconf 68' lang='grc' dir='ltr'>Οεριε</span> <span class='ocrx_word' id='word_1_522' title='bbox 1393 5722 1440 5758; x_wconf 79' lang='lat' dir='ltr'><strong>r.</strong></span> <span class='ocrx_word' id='word_1_523' title='bbox 1479 5724 1517 5768; x_wconf 88' lang='grc' dir='ltr'><strong>ι,</strong></span> <span class='ocrx_word' id='word_1_524' title='bbox 1556 5725 1602 5762; x_wconf 84' lang='lat' dir='ltr'><strong>v.</strong></span> <span class='ocrx_word' id='word_1_525' title='bbox 1633 5709 1682 5761; x_wconf 83' lang='lat'><strong>9.</strong></span> 
     </span>
    </p>
   </div>
   <div class='ocr_carea' id='block_1_73' title="bbox 687 5801 1450 5866">
    <p class='ocr_par' dir='ltr' id='par_1_73' title="bbox 687 5801 1450 5866">
     <span class='ocr_line' id='line_1_73' title="bbox 687 5801 1450 5866; baseline -0.003 -4"><span class='ocrx_word' id='word_1_526' title='bbox 687 5807 949 5866; x_wconf 76' lang='grc' dir='ltr'><strong>ΡΑΊΊιΟΙ..</strong></span> <span class='ocrx_word' id='word_1_527' title='bbox 998 5807 1108 5862; x_wconf 80' lang='lat' dir='ltr'><strong>Gn.</strong></span> <span class='ocrx_word' id='word_1_528' title='bbox 1161 5801 1450 5860; x_wconf 59' lang='lat' dir='ltr'><strong>CXLVII.</strong></span> 
     </span>
    </p>
   </div>
   <div class='ocr_carea' id='block_1_74' title="bbox 2020 1779 3580 1848">
    <p class='ocr_par' dir='ltr' id='par_1_74' title="bbox 2020 1779 3580 1848">
     <span class='ocr_line' id='line_1_74' title="bbox 2020 1779 3580 1848; baseline -0.001 -16"><span class='ocrx_word' id='word_1_529' title='bbox 2020 1781 2259 1848; x_wconf 82' lang='lat' dir='ltr'><strong>inquam,</strong></span> <span class='ocrx_word' id='word_1_530' title='bbox 2284 1795 2408 1834; x_wconf 86' lang='lat' dir='ltr'><strong>esse</strong></span> <span class='ocrx_word' id='word_1_531' title='bbox 2440 1781 2653 1848; x_wconf 78' lang='lat' dir='ltr'><strong>Opinor)</strong></span> <span class='ocrx_word' id='word_1_532' title='bbox 2674 1795 2770 1845; x_wconf 84' lang='lat' dir='ltr'><strong>per</strong></span> <span class='ocrx_word' id='word_1_533' title='bbox 2799 1779 2904 1832; x_wconf 89' lang='lat' dir='ltr'><strong>vim</strong></span> <span class='ocrx_word' id='word_1_534' title='bbox 2933 1779 3192 1848; x_wconf 84' lang='lat' dir='ltr'><strong>abripuit,</strong></span> <span class='ocrx_word' id='word_1_535' title='bbox 3217 1780 3580 1848; x_wconf 74' lang='lat' dir='ltr'><strong>longiuscule,</strong></span> 
     </span>
    </p>
   </div>
   <div class='ocr_carea' id='block_1_75' title="bbox 2015 1873 3578 1942">
    <p class='ocr_par' dir='ltr' id='par_1_75' title="bbox 2015 1873 3578 1942">
     <span class='ocr_line' id='line_1_75' title="bbox 2015 1873 3578 1942; baseline 0 -16"><span class='ocrx_word' id='word_1_536' title='bbox 2015 1883 2068 1926; x_wconf 88' lang='lat' dir='ltr'><strong>et</strong></span> <span class='ocrx_word' id='word_1_537' title='bbox 2099 1874 2302 1928; x_wconf 76' lang='lat' dir='ltr'><strong>diutius</strong></span> <span class='ocrx_word' id='word_1_538' title='bbox 2343 1889 2503 1942; x_wconf 89' lang='lat' dir='ltr'><strong>quam</strong></span> <span class='ocrx_word' id='word_1_539' title='bbox 2541 1874 2659 1942; x_wconf 91' lang='lat' dir='ltr'><strong>ipse</strong></span> <span class='ocrx_word' id='word_1_540' title='bbox 2687 1874 2776 1926; x_wconf 88' lang='lat' dir='ltr'><strong>hic</strong></span> <span class='ocrx_word' id='word_1_541' title='bbox 2807 1884 2914 1936; x_wconf 87' lang='lat' dir='ltr'><strong>est,</strong></span> <span class='ocrx_word' id='word_1_542' title='bbox 2949 1873 3089 1941; x_wconf 87' lang='lat' dir='ltr'><strong>apud</strong></span> <span class='ocrx_word' id='word_1_543' title='bbox 3127 1889 3223 1940; x_wconf 80' lang='lat' dir='ltr'><strong>nos</strong></span> <span class='ocrx_word' id='word_1_544' title='bbox 3279 1885 3578 1928; x_wconf 73' lang='lat' dir='ltr'><strong>vet-satum.</strong></span> 
     </span>
    </p>
   </div>
   <div class='ocr_carea' id='block_1_76' title="bbox 2015 1963 3578 2034">
    <p class='ocr_par' dir='ltr' id='par_1_76' title="bbox 2015 1963 3578 2034">
     <span class='ocr_line' id='line_1_76' title="bbox 2015 1963 3578 2034; baseline 0 -18"><span class='ocrx_word' id='word_1_545' title='bbox 2015 1963 2125 2034; x_wconf 79' lang='lat' dir='ltr'><strong>Ego</strong></span> <span class='ocrx_word' id='word_1_546' title='bbox 2156 1965 2402 2033; x_wconf 80' lang='lat' dir='ltr'><strong>equidem</strong></span> <span class='ocrx_word' id='word_1_547' title='bbox 2445 1974 2577 2018; x_wconf 89' lang='lat' dir='ltr'><strong>tunc</strong></span> <span class='ocrx_word' id='word_1_548' title='bbox 2632 1979 2851 2032; x_wconf 83' lang='lat' dir='ltr'><strong>quoque</strong></span> <span class='ocrx_word' id='word_1_549' title='bbox 2884 1965 3054 2025; x_wconf 88' lang='lat' dir='ltr'><strong>dolui.</strong></span> <span class='ocrx_word' id='word_1_550' title='bbox 3103 1980 3298 2034; x_wconf 83' lang='lat' dir='ltr'><strong>passus</strong></span> <span class='ocrx_word' id='word_1_551' title='bbox 3327 1981 3388 2017; x_wconf 80' lang='lat' dir='ltr'><strong>ea</strong></span> <span class='ocrx_word' id='word_1_552' title='bbox 3439 1983 3578 2032; x_wconf 76' lang='lat' dir='ltr'><strong>qna-</strong></span> 
     </span>
    </p>
   </div>
   <div class='ocr_carea' id='block_1_77' title="bbox 2017 2055 3579 2124">
    <p class='ocr_par' dir='ltr' id='par_1_77' title="bbox 2017 2055 3579 2124">
     <span class='ocr_line' id='line_1_77' title="bbox 2017 2055 3579 2124; baseline 0.001 -17"><span class='ocrx_word' id='word_1_553' title='bbox 2017 2069 2124 2109; x_wconf 90' lang='lat' dir='ltr'><strong>non</strong></span> <span class='ocrx_word' id='word_1_554' title='bbox 2173 2056 2368 2109; x_wconf 87' lang='lat' dir='ltr'><strong>soleo:</strong></span> <span class='ocrx_word' id='word_1_555' title='bbox 2430 2055 2529 2109; x_wconf 86' lang='lat' dir='ltr'><strong>tul.</strong></span> <span class='ocrx_word' id='word_1_556' title='bbox 2591 2055 2966 2115; x_wconf 87' lang='lat' dir='ltr'><strong>nihilominus,</strong></span> <span class='ocrx_word' id='word_1_557' title='bbox 3011 2055 3262 2124; x_wconf 80' lang='lat' dir='ltr'><strong>exiguam</strong></span> <span class='ocrx_word' id='word_1_558' title='bbox 3312 2055 3579 2108; x_wconf 85' lang='lat' dir='ltr'><strong>rationem</strong></span> 
     </span>
    </p>
   </div>
   <div class='ocr_carea' id='block_1_78' title="bbox 2017 2144 3584 2202">
    <p class='ocr_par' dir='ltr' id='par_1_78' title="bbox 2017 2144 3584 2202">
     <span class='ocr_line' id='line_1_78' title="bbox 2017 2144 3584 2202; baseline -0.002 -2"><span class='ocrx_word' id='word_1_559' title='bbox 2017 2149 2178 2202; x_wconf 91' lang='lat' dir='ltr'><strong>unius</strong></span> <span class='ocrx_word' id='word_1_560' title='bbox 2207 2163 2327 2202; x_wconf 85' lang='lat' dir='ltr'><strong>esse</strong></span> <span class='ocrx_word' id='word_1_561' title='bbox 2355 2147 2658 2202; x_wconf 85' lang='lat' dir='ltr'><strong>habendam</strong></span> <span class='ocrx_word' id='word_1_562' title='bbox 2685 2154 2856 2201; x_wconf 91' lang='lat' dir='ltr'><strong>ratus.</strong></span> <span class='ocrx_word' id='word_1_563' title='bbox 2889 2144 3039 2200; x_wconf 76' lang='lat' dir='ltr'><strong>Nunc</strong></span> <span class='ocrx_word' id='word_1_564' title='bbox 3063 2161 3192 2199; x_wconf 87' lang='lat' dir='ltr'><strong>vero</strong></span> <span class='ocrx_word' id='word_1_565' title='bbox 3219 2146 3284 2200; x_wconf 88' lang='lat' dir='ltr'><strong>de</strong></span> <span class='ocrx_word' id='word_1_566' title='bbox 3325 2146 3584 2200; x_wconf 57' lang='lat' dir='ltr'><strong>onmitut</strong></span> 
     </span>
    </p>
   </div>
   <div class='ocr_carea' id='block_1_79' title="bbox 2015 2241 2450 2308">
    <p class='ocr_par' dir='ltr' id='par_1_79' title="bbox 2015 2241 2450 2308">
     <span class='ocr_line' id='line_1_79' title="bbox 2015 2241 2450 2308; baseline 0 -12"><span class='ocrx_word' id='word_1_567' title='bbox 2015 2250 2098 2296; x_wconf 87' lang='lat' dir='ltr'><strong>est</strong></span> <span class='ocrx_word' id='word_1_568' title='bbox 2128 2241 2450 2308; x_wconf 86' lang='lat' dir='ltr'><strong>perieulum.</strong></span> 
     </span>
    </p>
   </div>
   <div class='ocr_carea' id='block_1_80' title="bbox 2089 2337 3580 2425">
    <p class='ocr_par' dir='ltr' id='par_1_80' title="bbox 2089 2337 3580 2425">
     <span class='ocr_line' id='line_1_80' title="bbox 2089 2337 3580 2425; baseline 0.001 -18"><span class='ocrx_word' id='word_1_569' title='bbox 2089 2353 2241 2420; x_wconf 86' lang='lat' dir='ltr'><strong>Quod</strong></span> <span class='ocrx_word' id='word_1_570' title='bbox 2279 2354 2324 2408; x_wconf 90' lang='lat' dir='ltr'><strong>si</strong></span> <span class='ocrx_word' id='word_1_571' title='bbox 2365 2369 2556 2410; x_wconf 78' lang='lat' dir='ltr'><strong>revera</strong></span> <span class='ocrx_word' id='word_1_572' title='bbox 2589 2354 2680 2408; x_wconf 66' lang='lat' dir='ltr'><strong>hin.</strong></span> <span class='ocrx_word' id='word_1_573' title='bbox 2705 2365 2809 2418; x_wconf 90' lang='lat' dir='ltr'><strong>est,</strong></span> <span class='ocrx_word' id='word_1_574' title='bbox 2839 2355 2929 2425; x_wconf 88' lang='lat' dir='ltr'><strong>qui</strong></span> <span class='ocrx_word' id='word_1_575' title='bbox 2965 2356 3122 2410; x_wconf 77' lang='lat' dir='ltr'><strong>nobis</strong></span> <span class='ocrx_word' id='word_1_576' title='bbox 3149 2354 3349 2425; x_wconf 85' lang='lat' dir='ltr'><strong>eripuit</strong></span> <span class='ocrx_word' id='word_1_577' title='bbox 3383 2337 3580 2410; x_wconf 65' lang='grc' dir='ltr'><strong>⁵Ῑιιιιςι-</strong></span> 
     </span>
    </p>
   </div>
   <div class='ocr_carea' id='block_1_81' title="bbox 2018 2449 3578 2517">
    <p class='ocr_par' dir='ltr' id='par_1_81' title="bbox 2018 2449 3578 2517">
     <span class='ocr_line' id='line_1_81' title="bbox 2018 2449 3578 2517; baseline 0.002 -19"><span class='ocrx_word' id='word_1_578' title='bbox 2018 2462 2162 2511; x_wconf 90' lang='lat' dir='ltr'><strong>rum,</strong></span> <span class='ocrx_word' id='word_1_579' title='bbox 2193 2463 2418 2502; x_wconf 81' lang='lat' dir='ltr'><strong>necesse.</strong></span> <span class='ocrx_word' id='word_1_580' title='bbox 2451 2457 2530 2500; x_wconf 86' lang='lat' dir='ltr'><strong>est</strong></span> <span class='ocrx_word' id='word_1_581' title='bbox 2563 2449 2741 2517; x_wconf 86' lang='lat' dir='ltr'><strong>ipsum</strong></span> <span class='ocrx_word' id='word_1_582' title='bbox 2775 2461 3014 2503; x_wconf 76' lang='lat' dir='ltr'><strong>extrema</strong></span> <span class='ocrx_word' id='word_1_583' title='bbox 3044 2450 3249 2503; x_wconf 88' lang='lat' dir='ltr'><strong>moliri.</strong></span> <span class='ocrx_word' id='word_1_584' title='bbox 3279 2450 3383 2516; x_wconf 82' lang='lat' dir='ltr'><strong>Qui</strong></span> <span class='ocrx_word' id='word_1_585' title='bbox 3434 2451 3578 2502; x_wconf 82' lang='lat' dir='ltr'><strong>enim</strong></span> 
     </span>
    </p>
   </div>
   <div class='ocr_carea' id='block_1_82' title="bbox 2017 2538 3584 2606">
    <p class='ocr_par' dir='ltr' id='par_1_82' title="bbox 2017 2538 3584 2606">
     <span class='ocr_line' id='line_1_82' title="bbox 2017 2538 3584 2606; baseline 0.003 -18"><span class='ocrx_word' id='word_1_586' title='bbox 2017 2538 2202 2606; x_wconf 87' lang='lat' dir='ltr'><strong>procul</strong></span> <span class='ocrx_word' id='word_1_587' title='bbox 2230 2539 2360 2593; x_wconf 87' lang='lat' dir='ltr'><strong>hinc</strong></span> <span class='ocrx_word' id='word_1_588' title='bbox 2392 2540 2590 2592; x_wconf 70' lang='lat' dir='ltr'><strong>absens</strong></span> <span class='ocrx_word' id='word_1_589' title='bbox 2622 2540 2766 2592; x_wconf 84' lang='lat' dir='ltr'><strong>edita</strong></span> <span class='ocrx_word' id='word_1_590' title='bbox 2832 2550 3042 2592; x_wconf 87' lang='lat' dir='ltr'><strong>tantum</strong></span> <span class='ocrx_word' id='word_1_591' title='bbox 3087 2540 3244 2592; x_wconf 82' lang='lat' dir='ltr'><strong>unica</strong></span> <span class='ocrx_word' id='word_1_592' title='bbox 3290 2555 3422 2593; x_wconf 84' lang='lat' dir='ltr'><strong>voce</strong></span> <span class='ocrx_word' id='word_1_593' title='bbox 3455 2541 3584 2593; x_wconf 57' lang='lat' dir='ltr'><strong>etfu-</strong></span> 
     </span>
    </p>
   </div>
   <div class='ocr_carea' id='block_1_83' title="bbox 2017 2630 3579 2699">
    <p class='ocr_par' dir='ltr' id='par_1_83' title="bbox 2017 2630 3579 2699">
     <span class='ocr_line' id='line_1_83' title="bbox 2017 2630 3579 2699; baseline 0.001 -16"><span class='ocrx_word' id='word_1_594' title='bbox 2017 2631 2112 2694; x_wconf 88' lang='lat' dir='ltr'><strong>cit,</strong></span> <span class='ocrx_word' id='word_1_595' title='bbox 2141 2640 2199 2683; x_wconf 89' lang='lat' dir='ltr'><strong>ut</strong></span> <span class='ocrx_word' id='word_1_596' title='bbox 2229 2631 2392 2684; x_wconf 90' lang='lat' dir='ltr'><strong>unius</strong></span> <span class='ocrx_word' id='word_1_597' title='bbox 2435 2631 2811 2685; x_wconf 88' lang='lat' dir='ltr'><strong>liberationem</strong></span> <span class='ocrx_word' id='word_1_598' title='bbox 2843 2630 3091 2682; x_wconf 76' lang='lat' dir='ltr'><strong>inhibere</strong></span> <span class='ocrx_word' id='word_1_599' title='bbox 3126 2630 3579 2699; x_wconf 88' lang='lat' dir='ltr'><strong>nequiveritnus:</strong></span> 
     </span>
    </p>
   </div>
   <div class='ocr_carea' id='block_1_84' title="bbox 2016 2722 3579 2791">
    <p class='ocr_par' dir='ltr' id='par_1_84' title="bbox 2016 2722 3579 2791">
     <span class='ocr_line' id='line_1_84' title="bbox 2016 2722 3579 2791; baseline 0.001 -17"><span class='ocrx_word' id='word_1_600' title='bbox 2016 2722 2149 2791; x_wconf 78' lang='lat' dir='ltr'><strong>quid</strong></span> <span class='ocrx_word' id='word_1_601' title='bbox 2184 2736 2291 2775; x_wconf 88' lang='lat' dir='ltr'><strong>non</strong></span> <span class='ocrx_word' id='word_1_602' title='bbox 2336 2730 2656 2790; x_wconf 77' lang='lat' dir='ltr'><strong>patraturus</strong></span> <span class='ocrx_word' id='word_1_603' title='bbox 2699 2731 2801 2785; x_wconf 83' lang='lat' dir='ltr'><strong>est,</strong></span> <span class='ocrx_word' id='word_1_604' title='bbox 2855 2737 2978 2775; x_wconf 87' lang='lat' dir='ltr'><strong>cum</strong></span> <span class='ocrx_word' id='word_1_605' title='bbox 3015 2727 3200 2790; x_wconf 73' lang='lat' dir='ltr'><strong>aperte</strong></span> <span class='ocrx_word' id='word_1_606' title='bbox 3241 2723 3293 2775; x_wconf 83' lang='lat' dir='ltr'><strong>in</strong></span> <span class='ocrx_word' id='word_1_607' title='bbox 3335 2731 3579 2775; x_wconf 75' lang='lat' dir='ltr'><strong>nostram</strong></span> 
     </span>
    </p>
   </div>
   <div class='ocr_carea' id='block_1_85' title="bbox 2017 2811 3582 2883">
    <p class='ocr_par' dir='ltr' id='par_1_85' title="bbox 2017 2811 3582 2883">
     <span class='ocr_line' id='line_1_85' title="bbox 2017 2811 3582 2883; baseline 0.001 -18"><span class='ocrx_word' id='word_1_608' title='bbox 2017 2813 2291 2883; x_wconf 83' lang='lat' dir='ltr'><strong>regionem</strong></span> <span class='ocrx_word' id='word_1_609' title='bbox 2312 2813 2508 2867; x_wconf 87' lang='lat' dir='ltr'><strong>irruit?</strong></span> <span class='ocrx_word' id='word_1_610' title='bbox 2528 2811 2622 2867; x_wconf 81' lang='lat' dir='ltr'><strong>Hei</strong></span> <span class='ocrx_word' id='word_1_611' title='bbox 2657 2816 2786 2866; x_wconf 88' lang='lat' dir='ltr'><strong>mihi</strong></span> <span class='ocrx_word' id='word_1_612' title='bbox 2811 2816 2823 2868; x_wconf 86' lang='lat'>!</span> <span class='ocrx_word' id='word_1_613' title='bbox 2851 2814 3053 2869; x_wconf 80' lang='lat' dir='ltr'><strong>siccine</strong></span> <span class='ocrx_word' id='word_1_614' title='bbox 3086 2813 3234 2866; x_wconf 90' lang='lat' dir='ltr'><strong>illum</strong></span> <span class='ocrx_word' id='word_1_615' title='bbox 3264 2813 3582 2882; x_wconf 74' lang='lat' dir='ltr'><strong>deponulari</strong></span> 
     </span>
    </p>
   </div>
   <div class='ocr_carea' id='block_1_86' title="bbox 2017 2905 3582 2977">
    <p class='ocr_par' dir='ltr' id='par_1_86' title="bbox 2017 2905 3582 2977">
     <span class='ocr_line' id='line_1_86' title="bbox 2017 2905 3582 2977; baseline -0.001 -19"><span class='ocrx_word' id='word_1_616' title='bbox 2017 2907 2410 2961; x_wconf 86' lang='lat' dir='ltr'><strong>omnia?itane</strong></span> <span class='ocrx_word' id='word_1_617' title='bbox 2448 2907 2574 2960; x_wconf 91' lang='lat' dir='ltr'><strong>hinc</strong></span> <span class='ocrx_word' id='word_1_618' title='bbox 2598 2907 2832 2975; x_wconf 69' lang='lat' dir='ltr'><strong>prtcdam</strong></span> <span class='ocrx_word' id='word_1_619' title='bbox 2883 2906 3138 2977; x_wconf 81' lang='lat' dir='ltr'><strong>abigere?</strong></span> <span class='ocrx_word' id='word_1_620' title='bbox 3195 2905 3468 2961; x_wconf 85' lang='lat' dir='ltr'><strong>Hactenus</strong></span> <span class='ocrx_word' id='word_1_621' title='bbox 3499 2924 3582 2957; x_wconf 75' lang='lat' dir='ltr'><strong>nn:</strong></span> 
     </span>
    </p>
   </div>
   <div class='ocr_carea' id='block_1_87' title="bbox 2020 2997 3583 3067">
    <p class='ocr_par' dir='ltr' id='par_1_87' title="bbox 2020 2997 3583 3067">
     <span class='ocr_line' id='line_1_87' title="bbox 2020 2997 3583 3067; baseline 0.003 -21"><span class='ocrx_word' id='word_1_622' title='bbox 2020 2997 2194 3050; x_wconf 81' lang='lat' dir='ltr'><strong>tenuit</strong></span> <span class='ocrx_word' id='word_1_623' title='bbox 2251 2997 2538 3052; x_wconf 83' lang='lat' dir='ltr'><strong>admiratio</strong></span> <span class='ocrx_word' id='word_1_624' title='bbox 2576 2997 2708 3052; x_wconf 69' lang='lat' dir='ltr'><strong>Elite</strong></span> <span class='ocrx_word' id='word_1_625' title='bbox 2767 2998 3077 3066; x_wconf 88' lang='lat' dir='ltr'><strong>cujusdam,</strong></span> <span class='ocrx_word' id='word_1_626' title='bbox 3127 3009 3178 3051; x_wconf 88' lang='lat' dir='ltr'><strong>et</strong></span> <span class='ocrx_word' id='word_1_627' title='bbox 3233 3008 3361 3054; x_wconf 88' lang='lat' dir='ltr'><strong>ante</strong></span> <span class='ocrx_word' id='word_1_628' title='bbox 3407 3000 3583 3067; x_wconf 84' lang='lat' dir='ltr'><strong>ipsum</strong></span> 
     </span>
    </p>
   </div>
   <div class='ocr_carea' id='block_1_88' title="bbox 2024 3081 3583 3160">
    <p class='ocr_par' dir='ltr' id='par_1_88' title="bbox 2024 3081 3583 3160">
     <span class='ocr_line' id='line_1_88' title="bbox 2024 3081 3583 3160; baseline 0 -18"><span class='ocrx_word' id='word_1_629' title='bbox 2024 3089 2231 3142; x_wconf 86' lang='lat' dir='ltr'><strong>Enochi</strong></span> <span class='ocrx_word' id='word_1_630' title='bbox 2267 3107 2280 3142; x_wconf 90' lang='lat'><strong>:</strong></span> <span class='ocrx_word' id='word_1_631' title='bbox 2319 3105 2461 3160; x_wconf 85' lang='lat' dir='ltr'><strong>quos</strong></span> <span class='ocrx_word' id='word_1_632' title='bbox 2518 3091 2550 3144; x_wconf 89' lang='lat' dir='ltr'><strong>ii</strong></span> <span class='ocrx_word' id='word_1_633' title='bbox 2589 3091 2682 3160; x_wconf 87' lang='lat' dir='ltr'><strong>qtti</strong></span> <span class='ocrx_word' id='word_1_634' title='bbox 2714 3091 2821 3145; x_wconf 93' lang='lat' dir='ltr'><strong>huc</strong></span> <span class='ocrx_word' id='word_1_635' title='bbox 2852 3081 3285 3157; x_wconf 84' lang='lat' dir='ltr'><strong>descendebant,</strong></span> <span class='ocrx_word' id='word_1_636' title='bbox 3325 3107 3583 3160; x_wconf 80' lang='lat' dir='ltr'><strong>perquam</strong></span> 
     </span>
    </p>
   </div>
   <div class='ocr_carea' id='block_1_89' title="bbox 2021 3179 3585 3240">
    <p class='ocr_par' dir='ltr' id='par_1_89' title="bbox 2021 3179 3585 3240">
     <span class='ocr_line' id='line_1_89' title="bbox 2021 3179 3585 3240; baseline 0.004 -10"><span class='ocrx_word' id='word_1_637' title='bbox 2021 3179 2196 3233; x_wconf 89' lang='lat' dir='ltr'><strong>ridere</strong></span> <span class='ocrx_word' id='word_1_638' title='bbox 2219 3195 2378 3233; x_wconf 86' lang='lat' dir='ltr'><strong>suum</strong></span> <span class='ocrx_word' id='word_1_639' title='bbox 2404 3181 2728 3236; x_wconf 71' lang='lat' dir='ltr'><strong>nuntiabant</strong></span> <span class='ocrx_word' id='word_1_640' title='bbox 2750 3184 3072 3240; x_wconf 85' lang='lat' dir='ltr'><strong>descensum</strong></span> <span class='ocrx_word' id='word_1_641' title='bbox 3104 3202 3118 3239; x_wconf 85' lang='lat'><strong>:</strong></span> <span class='ocrx_word' id='word_1_642' title='bbox 3144 3186 3231 3238; x_wconf 90' lang='lat' dir='ltr'><strong>hic</strong></span> <span class='ocrx_word' id='word_1_643' title='bbox 3265 3195 3446 3238; x_wconf 82' lang='lat' dir='ltr'><strong>autem</strong></span> <span class='ocrx_word' id='word_1_644' title='bbox 3476 3202 3585 3239; x_wconf 78' lang='lat' dir='ltr'><strong>non</strong></span> 
     </span>
    </p>
   </div>
   <div class='ocr_carea' id='block_1_90' title="bbox 2020 3272 3589 3348">
    <p class='ocr_par' dir='ltr' id='par_1_90' title="bbox 2020 3272 3589 3348">
     <span class='ocr_line' id='line_1_90' title="bbox 2020 3272 3589 3348; baseline 0.004 -23"><span class='ocrx_word' id='word_1_645' title='bbox 2020 3272 2289 3339; x_wconf 85' lang='lat' dir='ltr'><strong>ejusmodi</strong></span> <span class='ocrx_word' id='word_1_646' title='bbox 2317 3274 2745 3331; x_wconf 87' lang='lat' dir='ltr'><strong>immortalitatis</strong></span> <span class='ocrx_word' id='word_1_647' title='bbox 2777 3279 3069 3347; x_wconf 78' lang='lat' dir='ltr'><strong>particeps,</strong></span> <span class='ocrx_word' id='word_1_648' title='bbox 3097 3277 3190 3332; x_wconf 91' lang='lat' dir='ltr'><strong>sed</strong></span> <span class='ocrx_word' id='word_1_649' title='bbox 3213 3287 3268 3331; x_wconf 90' lang='lat' dir='ltr'><strong>et</strong></span> <span class='ocrx_word' id='word_1_650' title='bbox 3289 3280 3458 3348; x_wconf 82' lang='lat' dir='ltr'><strong>gloria</strong></span> <span class='ocrx_word' id='word_1_651' title='bbox 3495 3295 3589 3346; x_wconf 48' lang='lat' dir='ltr'><strong>p0“-</strong></span> 
     </span>
    </p>
   </div>
   <div class='ocr_carea' id='block_1_91' title="bbox 2023 3366 3592 3440">
    <p class='ocr_par' dir='ltr' id='par_1_91' title="bbox 2023 3366 3592 3440">
     <span class='ocr_line' id='line_1_91' title="bbox 2023 3366 3592 3440; baseline 0.004 -21"><span class='ocrx_word' id='word_1_652' title='bbox 2023 3366 2174 3431; x_wconf 89' lang='lat' dir='ltr'><strong>tittts,</strong></span> <span class='ocrx_word' id='word_1_653' title='bbox 2205 3367 2409 3420; x_wconf 82' lang='lat' dir='ltr'><strong>eminet</strong></span> <span class='ocrx_word' id='word_1_654' title='bbox 2442 3369 2581 3423; x_wconf 88' lang='lat' dir='ltr'><strong>inter</strong></span> <span class='ocrx_word' id='word_1_655' title='bbox 2627 3384 2854 3436; x_wconf 87' lang='lat' dir='ltr'><strong>omnes;</strong></span> <span class='ocrx_word' id='word_1_656' title='bbox 2887 3371 3002 3437; x_wconf 81' lang='lat' dir='ltr'><strong>sed,</strong></span> <span class='ocrx_word' id='word_1_657' title='bbox 3041 3371 3180 3425; x_wconf 89' lang='lat' dir='ltr'><strong>heul</strong></span> <span class='ocrx_word' id='word_1_658' title='bbox 3218 3372 3345 3440; x_wconf 89' lang='lat' dir='ltr'><strong>quid</strong></span> <span class='ocrx_word' id='word_1_659' title='bbox 3375 3373 3592 3440; x_wconf 82' lang='lat' dir='ltr'><strong>patior?</strong></span> 
     </span>
    </p>
   </div>
   <div class='ocr_carea' id='block_1_92' title="bbox 2022 3457 3477 3535">
    <p class='ocr_par' dir='ltr' id='par_1_92' title="bbox 2022 3457 3477 3535">
     <span class='ocr_line' id='line_1_92' title="bbox 2022 3457 3477 3535; baseline 0.007 -26"><span class='ocrx_word' id='word_1_660' title='bbox 2022 3457 2232 3524; x_wconf 78' lang='lat' dir='ltr'><strong>ejit-ior,</strong></span> <span class='ocrx_word' id='word_1_661' title='bbox 2268 3459 2547 3526; x_wconf 79' lang='lat' dir='ltr'><strong>verberor,</strong></span> <span class='ocrx_word' id='word_1_662' title='bbox 2576 3473 2810 3524; x_wconf 86' lang='lat' dir='ltr'><strong>evertor,</strong></span> <span class='ocrx_word' id='word_1_663' title='bbox 2844 3463 3076 3517; x_wconf 70' lang='lat' dir='ltr'><strong>vinculis</strong></span> <span class='ocrx_word' id='word_1_664' title='bbox 3107 3466 3477 3535; x_wconf 79' lang='lat' dir='ltr'><strong>constringer.</strong></span> 
     </span>
    </p>
   </div>
   <div class='ocr_carea' id='block_1_93' title="bbox 2011 3663 3589 3739">
    <p class='ocr_par' dir='ltr' id='par_1_93' title="bbox 2011 3663 3589 3739">
     <span class='ocr_line' id='line_1_93' title="bbox 2011 3663 3589 3739; baseline 0.001 -19"><span class='ocrx_word' id='word_1_665' title='bbox 2011 3663 2016 3666; x_wconf 69' lang='grc'><em>’</em></span> <span class='ocrx_word' id='word_1_666' title='bbox 2098 3664 2187 3720; x_wconf 91' lang='lat' dir='ltr'><strong>Sic</strong></span> <span class='ocrx_word' id='word_1_667' title='bbox 2247 3666 2544 3722; x_wconf 88' lang='lat' dir='ltr'><strong>ululantem</strong></span> <span class='ocrx_word' id='word_1_668' title='bbox 2594 3668 2772 3723; x_wconf 75' lang='lat' dir='ltr'><strong>audivi</strong></span> <span class='ocrx_word' id='word_1_669' title='bbox 2801 3668 3098 3723; x_wconf 74' lang='lat' dir='ltr'><strong>inferorum</strong></span> <span class='ocrx_word' id='word_1_670' title='bbox 3144 3669 3479 3739; x_wconf 88' lang='lat' dir='ltr'><strong>principem,</strong></span> <span class='ocrx_word' id='word_1_671' title='bbox 3514 3676 3589 3723; x_wconf 75' lang='lat' dir='ltr'><strong>at-</strong></span> 
     </span>
    </p>
   </div>
   <div class='ocr_carea' id='block_1_94' title="bbox 2026 3761 3284 3829">
    <p class='ocr_par' dir='ltr' id='par_1_94' title="bbox 2026 3761 3284 3829">
     <span class='ocr_line' id='line_1_94' title="bbox 2026 3761 3284 3829; baseline 0.007 -20"><span class='ocrx_word' id='word_1_672' title='bbox 2026 3773 2129 3826; x_wconf 88' lang='lat' dir='ltr'><strong>que</strong></span> <span class='ocrx_word' id='word_1_673' title='bbox 2152 3773 2217 3813; x_wconf 75' lang='lat' dir='ltr'><strong>ex</strong></span> <span class='ocrx_word' id='word_1_674' title='bbox 2251 3761 2367 3828; x_wconf 88' lang='lat' dir='ltr'><strong>ipso</strong></span> <span class='ocrx_word' id='word_1_675' title='bbox 2399 3761 2756 3815; x_wconf 87' lang='lat' dir='ltr'><strong>vastationem</strong></span> <span class='ocrx_word' id='word_1_676' title='bbox 2816 3761 2988 3829; x_wconf 88' lang='lat' dir='ltr'><strong>ipsius</strong></span> <span class='ocrx_word' id='word_1_677' title='bbox 3021 3763 3284 3818; x_wconf 76' lang='lat' dir='ltr'><strong>intellexi.</strong></span> 
     </span>
    </p>
   </div>
   <div class='ocr_carea' id='block_1_95' title="bbox 2099 3853 3597 3924">
    <p class='ocr_par' dir='ltr' id='par_1_95' title="bbox 2099 3853 3597 3924">
     <span class='ocr_line' id='line_1_95' title="bbox 2099 3853 3597 3924; baseline 0.005 -18"><span class='ocrx_word' id='word_1_678' title='bbox 2099 3853 2251 3907; x_wconf 83' lang='lat' dir='ltr'><strong>Nunc</strong></span> <span class='ocrx_word' id='word_1_679' title='bbox 2285 3862 2498 3922; x_wconf 84' lang='lat' dir='ltr'><strong>tempus</strong></span> <span class='ocrx_word' id='word_1_680' title='bbox 2537 3864 2641 3921; x_wconf 90' lang='lat' dir='ltr'><strong>est,</strong></span> <span class='ocrx_word' id='word_1_681' title='bbox 2681 3871 2788 3924; x_wconf 88' lang='lat' dir='ltr'><strong>quo</strong></span> <span class='ocrx_word' id='word_1_682' title='bbox 2820 3865 3008 3912; x_wconf 85' lang='lat' dir='ltr'><strong>natura</strong></span> <span class='ocrx_word' id='word_1_683' title='bbox 3038 3857 3276 3912; x_wconf 85' lang='lat' dir='ltr'><strong>humana</strong></span> <span class='ocrx_word' id='word_1_684' title='bbox 3331 3860 3597 3914; x_wconf 69' lang='lat' dir='ltr'><strong>adversus</strong></span> 
     </span>
    </p>
   </div>
   <div class='ocr_carea' id='block_1_96' title="bbox 2027 3944 3596 4016">
    <p class='ocr_par' dir='ltr' id='par_1_96' title="bbox 2027 3944 3596 4016">
     <span class='ocr_line' id='line_1_96' title="bbox 2027 3944 3596 4016; baseline 0.006 -17"><span class='ocrx_word' id='word_1_685' title='bbox 2027 3944 2240 3999; x_wconf 80' lang='lat' dir='ltr'><strong>hostem</strong></span> <span class='ocrx_word' id='word_1_686' title='bbox 2310 3946 2573 4016; x_wconf 77' lang='lat' dir='ltr'><strong>glorietur</strong></span> <span class='ocrx_word' id='word_1_687' title='bbox 2627 3947 2950 4016; x_wconf 75' lang='lat' dir='ltr'><strong>malignum.</strong></span> <span class='ocrx_word' id='word_1_688' title='bbox 3011 3948 3146 4015; x_wconf 72' lang='lat' dir='ltr'><strong>Quae</strong></span> <span class='ocrx_word' id='word_1_689' title='bbox 3208 3951 3354 4005; x_wconf 80' lang='lat' dir='ltr'><strong>enim</strong></span> <span class='ocrx_word' id='word_1_690' title='bbox 3397 3953 3596 4008; x_wconf 83' lang='lat' dir='ltr'><strong>dilecta</strong></span> 
     </span>
    </p>
   </div>
   <div class='ocr_carea' id='block_1_97' title="bbox 2028 4041 3594 4112">
    <p class='ocr_par' dir='ltr' id='par_1_97' title="bbox 2028 4041 3594 4112">
     <span class='ocr_line' id='line_1_97' title="bbox 2028 4041 3594 4112; baseline 0.004 -18"><span class='ocrx_word' id='word_1_691' title='bbox 2028 4057 2136 4094; x_wconf 90' lang='lat' dir='ltr'><strong>non</strong></span> <span class='ocrx_word' id='word_1_692' title='bbox 2183 4041 2318 4105; x_wconf 82' lang='lat' dir='ltr'><strong>fuit,</strong></span> <span class='ocrx_word' id='word_1_693' title='bbox 2353 4041 2551 4096; x_wconf 87' lang='lat' dir='ltr'><strong>dilecta</strong></span> <span class='ocrx_word' id='word_1_694' title='bbox 2583 4052 2666 4096; x_wconf 88' lang='lat' dir='ltr'><strong>est</strong></span> <span class='ocrx_word' id='word_1_695' title='bbox 2707 4050 2902 4096; x_wconf 88' lang='lat' dir='ltr'><strong>vocata</strong></span> <span class='ocrx_word' id='word_1_696' title='bbox 2935 4042 3070 4112; x_wconf 80' lang='lat' dir='ltr'><strong>(ll),</strong></span> <span class='ocrx_word' id='word_1_697' title='bbox 3112 4049 3167 4096; x_wconf 84' lang='lat' dir='ltr'><strong>et</strong></span> <span class='ocrx_word' id='word_1_698' title='bbox 3206 4043 3375 4098; x_wconf 91' lang='lat' dir='ltr'><strong>Deum</strong></span> <span class='ocrx_word' id='word_1_699' title='bbox 3439 4058 3594 4100; x_wconf 76' lang='lat' dir='ltr'><strong>nacta</strong></span> 
     </span>
    </p>
   </div>
   <div class='ocr_carea' id='block_1_98' title="bbox 2028 4128 3597 4202">
    <p class='ocr_par' dir='ltr' id='par_1_98' title="bbox 2028 4128 3597 4202">
     <span class='ocr_line' id='line_1_98' title="bbox 2028 4128 3597 4202; baseline 0.001 -18"><span class='ocrx_word' id='word_1_700' title='bbox 2028 4139 2110 4184; x_wconf 80' lang='lat' dir='ltr'><strong>est</strong></span> <span class='ocrx_word' id='word_1_701' title='bbox 2163 4131 2453 4185; x_wconf 89' lang='lat' dir='ltr'><strong>amasium.</strong></span> <span class='ocrx_word' id='word_1_702' title='bbox 2511 4128 2568 4184; x_wconf 90' lang='lat' dir='ltr'><strong>Si</strong></span> <span class='ocrx_word' id='word_1_703' title='bbox 2629 4132 2774 4185; x_wconf 91' lang='lat' dir='ltr'><strong>enim</strong></span> <span class='ocrx_word' id='word_1_704' title='bbox 2835 4141 2990 4199; x_wconf 88' lang='lat' dir='ltr'><strong>pater</strong></span> <span class='ocrx_word' id='word_1_705' title='bbox 3056 4130 3250 4196; x_wconf 82' lang='lat' dir='ltr'><strong>lilium,</strong></span> <span class='ocrx_word' id='word_1_706' title='bbox 3307 4145 3597 4202; x_wconf 78' lang='lat' dir='ltr'><strong>propterea</strong></span> 
     </span>
    </p>
   </div>
   <div class='ocr_carea' id='block_1_99' title="bbox 2029 4221 3600 4291">
    <p class='ocr_par' dir='ltr' id='par_1_99' title="bbox 2029 4221 3600 4291">
     <span class='ocr_line' id='line_1_99' title="bbox 2029 4221 3600 4291; baseline 0.001 -19"><span class='ocrx_word' id='word_1_707' title='bbox 2029 4221 2175 4290; x_wconf 83' lang='lat' dir='ltr'><strong>quod</strong></span> <span class='ocrx_word' id='word_1_708' title='bbox 2214 4221 2392 4291; x_wconf 81' lang='lat' dir='ltr'><strong>ipsum</strong></span> <span class='ocrx_word' id='word_1_709' title='bbox 2451 4221 2724 4290; x_wconf 77' lang='lat' dir='ltr'><strong>genuerit,</strong></span> <span class='ocrx_word' id='word_1_710' title='bbox 2751 4231 2921 4286; x_wconf 77' lang='lat' dir='ltr'><strong>autat,</strong></span> <span class='ocrx_word' id='word_1_711' title='bbox 2965 4222 3108 4275; x_wconf 81' lang='lat' dir='ltr'><strong>Deus</strong></span> <span class='ocrx_word' id='word_1_712' title='bbox 3161 4236 3380 4290; x_wconf 77' lang='lat' dir='ltr'><strong>quoque</strong></span> <span class='ocrx_word' id='word_1_713' title='bbox 3425 4222 3600 4275; x_wconf 85' lang='lat' dir='ltr'><strong>humi-</strong></span> 
     </span>
    </p>
   </div>
   <div class='ocr_carea' id='block_1_100' title="bbox 2031 4312 3600 4382">
    <p class='ocr_par' dir='ltr' id='par_1_100' title="bbox 2031 4312 3600 4382">
     <span class='ocr_line' id='line_1_100' title="bbox 2031 4312 3600 4382; baseline 0.001 -18"><span class='ocrx_word' id='word_1_714' title='bbox 2031 4327 2180 4376; x_wconf 85' lang='lat' dir='ltr'><strong>nem,</strong></span> <span class='ocrx_word' id='word_1_715' title='bbox 2207 4313 2353 4380; x_wconf 71' lang='lat' dir='ltr'><strong>quod</strong></span> <span class='ocrx_word' id='word_1_716' title='bbox 2403 4313 2556 4365; x_wconf 73' lang='lat' dir='ltr'><strong>illum</strong></span> <span class='ocrx_word' id='word_1_717' title='bbox 2591 4312 2922 4373; x_wconf 88' lang='lat' dir='ltr'><strong>condiderit.</strong></span> <span class='ocrx_word' id='word_1_718' title='bbox 2960 4327 3191 4380; x_wconf 88' lang='lat' dir='ltr'><strong>prorsus</strong></span> <span class='ocrx_word' id='word_1_719' title='bbox 3222 4313 3421 4382; x_wconf 80' lang='lat' dir='ltr'><strong>diligit,</strong></span> <span class='ocrx_word' id='word_1_720' title='bbox 3452 4324 3506 4366; x_wconf 85' lang='lat' dir='ltr'><strong>et</strong></span> <span class='ocrx_word' id='word_1_721' title='bbox 3529 4318 3600 4366; x_wconf 85' lang='lat' dir='ltr'><strong>oh</strong></span> 
     </span>
    </p>
   </div>
   <div class='ocr_carea' id='block_1_101' title="bbox 2032 4401 3602 4472">
    <p class='ocr_par' dir='ltr' id='par_1_101' title="bbox 2032 4401 3602 4472">
     <span class='ocr_line' id='line_1_101' title="bbox 2032 4401 3602 4472; baseline 0.001 -18"><span class='ocrx_word' id='word_1_722' title='bbox 2032 4403 2083 4454; x_wconf 84' lang='lat' dir='ltr'><strong>id</strong></span> <span class='ocrx_word' id='word_1_723' title='bbox 2108 4413 2362 4471; x_wconf 87' lang='lat' dir='ltr'><strong>tyranno,</strong></span> <span class='ocrx_word' id='word_1_724' title='bbox 2386 4402 2548 4470; x_wconf 85' lang='lat' dir='ltr'><strong>cujus</strong></span> <span class='ocrx_word' id='word_1_725' title='bbox 2572 4401 2704 4470; x_wconf 74' lang='lat' dir='ltr'><strong>jugo</strong></span> <span class='ocrx_word' id='word_1_726' title='bbox 2733 4403 3083 4471; x_wconf 81' lang='lat' dir='ltr'><strong>premebatur</strong></span> <span class='ocrx_word' id='word_1_727' title='bbox 3111 4410 3293 4470; x_wconf 88' lang='lat' dir='ltr'><strong>antea,</strong></span> <span class='ocrx_word' id='word_1_728' title='bbox 3323 4403 3602 4472; x_wconf 86' lang='lat' dir='ltr'><strong>potentio-</strong></span> 
     </span>
    </p>
   </div>
   <div class='ocr_carea' id='block_1_102' title="bbox 2030 4492 3602 4563">
    <p class='ocr_par' dir='ltr' id='par_1_102' title="bbox 2030 4492 3602 4563">
     <span class='ocr_line' id='line_1_102' title="bbox 2030 4492 3602 4563; baseline 0.001 -18"><span class='ocrx_word' id='word_1_729' title='bbox 2030 4506 2144 4547; x_wconf 80' lang='lat' dir='ltr'><strong>rem</strong></span> <span class='ocrx_word' id='word_1_730' title='bbox 2178 4493 2325 4546; x_wconf 79' lang='lat' dir='ltr'><strong>fecit.</strong></span> <span class='ocrx_word' id='word_1_731' title='bbox 2356 4492 2505 4546; x_wconf 88' lang='lat' dir='ltr'><strong>Illius</strong></span> <span class='ocrx_word' id='word_1_732' title='bbox 2521 4502 2704 4546; x_wconf 85' lang='lat' dir='ltr'><strong>autem</strong></span> <span class='ocrx_word' id='word_1_733' title='bbox 2733 4493 3022 4563; x_wconf 80' lang='lat' dir='ltr'><strong>tyrannide</strong></span> <span class='ocrx_word' id='word_1_734' title='bbox 3048 4493 3286 4557; x_wconf 84' lang='lat' dir='ltr'><strong>sublata,</strong></span> <span class='ocrx_word' id='word_1_735' title='bbox 3323 4495 3602 4549; x_wconf 82' lang='lat' dir='ltr'><strong>damnavit</strong></span> 
     </span>
    </p>
   </div>
   <div class='ocr_carea' id='block_1_103' title="bbox 2033 4582 3600 4650">
    <p class='ocr_par' dir='ltr' id='par_1_103' title="bbox 2033 4582 3600 4650">
     <span class='ocr_line' id='line_1_103' title="bbox 2033 4582 3600 4650; baseline 0.002 -14"><span class='ocrx_word' id='word_1_736' title='bbox 2033 4591 2088 4637; x_wconf 88' lang='lat' dir='ltr'><strong>et</strong></span> <span class='ocrx_word' id='word_1_737' title='bbox 2115 4585 2332 4636; x_wconf 80' lang='lat' dir='ltr'><strong>vincula</strong></span> <span class='ocrx_word' id='word_1_738' title='bbox 2360 4593 2414 4638; x_wconf 89' lang='lat' dir='ltr'><strong>et</strong></span> <span class='ocrx_word' id='word_1_739' title='bbox 2437 4582 2732 4636; x_wconf 84' lang='lat' dir='ltr'><strong>Tartarum</strong></span> <span class='ocrx_word' id='word_1_740' title='bbox 2767 4592 2932 4650; x_wconf 84' lang='lat' dir='ltr'><strong>atque</strong></span> <span class='ocrx_word' id='word_1_741' title='bbox 2964 4596 3204 4640; x_wconf 82' lang='lat' dir='ltr'><strong>catenas.</strong></span> <span class='ocrx_word' id='word_1_742' title='bbox 3237 4583 3407 4642; x_wconf 82' lang='lat' dir='ltr'><strong>Nobis</strong></span> <span class='ocrx_word' id='word_1_743' title='bbox 3455 4588 3600 4642; x_wconf 89' lang='lat' dir='ltr'><strong>enim</strong></span> 
     </span>
    </p>
   </div>
   <div class='ocr_carea' id='block_1_104' title="bbox 2035 4674 3602 4746">
    <p class='ocr_par' dir='ltr' id='par_1_104' title="bbox 2035 4674 3602 4746">
     <span class='ocr_line' id='line_1_104' title="bbox 2035 4674 3602 4746; baseline 0.002 -18"><span class='ocrx_word' id='word_1_744' title='bbox 2035 4677 2234 4729; x_wconf 80' lang='lat' dir='ltr'><strong>misere</strong></span> <span class='ocrx_word' id='word_1_745' title='bbox 2289 4674 2508 4728; x_wconf 74' lang='lat' dir='ltr'><strong>amictis</strong></span> <span class='ocrx_word' id='word_1_746' title='bbox 2544 4690 2682 4743; x_wconf 89' lang='lat' dir='ltr'><strong>opus</strong></span> <span class='ocrx_word' id='word_1_747' title='bbox 2718 4683 2834 4728; x_wconf 84' lang='lat' dir='ltr'><strong>erat</strong></span> <span class='ocrx_word' id='word_1_748' title='bbox 2873 4677 3128 4730; x_wconf 81' lang='lat' dir='ltr'><strong>auxilio:</strong></span> <span class='ocrx_word' id='word_1_749' title='bbox 3177 4677 3231 4731; x_wconf 90' lang='lat' dir='ltr'><strong>in</strong></span> <span class='ocrx_word' id='word_1_750' title='bbox 3291 4678 3414 4746; x_wconf 87' lang='lat' dir='ltr'><strong>ipso</strong></span> <span class='ocrx_word' id='word_1_751' title='bbox 3469 4694 3602 4733; x_wconf 82' lang='lat' dir='ltr'><strong>vero</strong></span> 
     </span>
    </p>
   </div>
   <div class='ocr_carea' id='block_1_105' title="bbox 2035 4768 3600 4837">
    <p class='ocr_par' dir='ltr' id='par_1_105' title="bbox 2035 4768 3600 4837">
     <span class='ocr_line' id='line_1_105' title="bbox 2035 4768 3600 4837; baseline 0.001 -15"><span class='ocrx_word' id='word_1_752' title='bbox 2035 4769 2298 4822; x_wconf 74' lang='lat' dir='ltr'><strong>auxilium</strong></span> <span class='ocrx_word' id='word_1_753' title='bbox 2332 4777 2450 4821; x_wconf 88' lang='lat' dir='ltr'><strong>erat</strong></span> <span class='ocrx_word' id='word_1_754' title='bbox 2483 4768 2670 4822; x_wconf 87' lang='lat' dir='ltr'><strong>situm.</strong></span> <span class='ocrx_word' id='word_1_755' title='bbox 2706 4768 2760 4821; x_wconf 88' lang='lat' dir='ltr'><strong>Si</strong></span> <span class='ocrx_word' id='word_1_756' title='bbox 2800 4783 3037 4837; x_wconf 87' lang='lat' dir='ltr'><strong>namque</strong></span> <span class='ocrx_word' id='word_1_757' title='bbox 3066 4769 3265 4824; x_wconf 64' lang='lat' dir='ltr'><strong>celum</strong></span> <span class='ocrx_word' id='word_1_758' title='bbox 3292 4780 3348 4824; x_wconf 80' lang='lat' dir='ltr'><strong>et.</strong></span> <span class='ocrx_word' id='word_1_759' title='bbox 3399 4779 3600 4826; x_wconf 86' lang='lat' dir='ltr'><strong>terram</strong></span> 
     </span>
    </p>
   </div>
   <div class='ocr_carea' id='block_1_106' title="bbox 2039 4859 3601 4929">
    <p class='ocr_par' dir='ltr' id='par_1_106' title="bbox 2039 4859 3601 4929">
     <span class='ocr_line' id='line_1_106' title="bbox 2039 4859 3601 4929; baseline 0.001 -17"><span class='ocrx_word' id='word_1_760' title='bbox 2039 4860 2248 4929; x_wconf 78' lang='lat' dir='ltr'><strong>implet,</strong></span> <span class='ocrx_word' id='word_1_761' title='bbox 2286 4869 2450 4927; x_wconf 89' lang='lat' dir='ltr'><strong>atque</strong></span> <span class='ocrx_word' id='word_1_762' title='bbox 2480 4859 2664 4912; x_wconf 89' lang='lat' dir='ltr'><strong>omnia</strong></span> <span class='ocrx_word' id='word_1_763' title='bbox 2716 4860 2832 4928; x_wconf 86' lang='lat' dir='ltr'><strong>ipse</strong></span> <span class='ocrx_word' id='word_1_764' title='bbox 2868 4859 3019 4924; x_wconf 81' lang='lat' dir='ltr'><strong>fecit,</strong></span> <span class='ocrx_word' id='word_1_765' title='bbox 3078 4859 3435 4916; x_wconf 78' lang='lat' dir='ltr'><strong>manifestum</strong></span> <span class='ocrx_word' id='word_1_766' title='bbox 3497 4874 3601 4926; x_wconf 79' lang='lat' dir='ltr'><strong>est,</strong></span> 
     </span>
    </p>
   </div>
   <div class='ocr_carea' id='block_1_107' title="bbox 2038 4950 3608 5020">
    <p class='ocr_par' dir='ltr' id='par_1_107' title="bbox 2038 4950 3608 5020">
     <span class='ocr_line' id='line_1_107' title="bbox 2038 4950 3608 5020; baseline 0.001 -14"><span class='ocrx_word' id='word_1_767' title='bbox 2038 4968 2160 5006; x_wconf 91' lang='lat' dir='ltr'><strong>eum</strong></span> <span class='ocrx_word' id='word_1_768' title='bbox 2188 4952 2363 5006; x_wconf 91' lang='lat' dir='ltr'><strong>solum</strong></span> <span class='ocrx_word' id='word_1_769' title='bbox 2400 4953 2582 5006; x_wconf 86' lang='lat' dir='ltr'><strong>omnia</strong></span> <span class='ocrx_word' id='word_1_770' title='bbox 2619 4967 2798 5020; x_wconf 82' lang='lat' dir='ltr'><strong>posse.</strong></span> <span class='ocrx_word' id='word_1_771' title='bbox 2837 4950 2935 5019; x_wconf 83' lang='lat' dir='ltr'><strong>Qui</strong></span> <span class='ocrx_word' id='word_1_772' title='bbox 2986 4953 3092 5008; x_wconf 87' lang='lat' dir='ltr'><strong>nisi</strong></span> <span class='ocrx_word' id='word_1_773' title='bbox 3119 4954 3186 5006; x_wconf 86' lang='lat' dir='ltr'><strong>ad</strong></span> <span class='ocrx_word' id='word_1_774' title='bbox 3247 4969 3347 5008; x_wconf 91' lang='lat' dir='ltr'><strong>nos</strong></span> <span class='ocrx_word' id='word_1_775' title='bbox 3377 4955 3608 5007; x_wconf 85' lang='lat' dir='ltr'><strong>descen-</strong></span> 
     </span>
    </p>
   </div>
   <div class='ocr_carea' id='block_1_108' title="bbox 2037 5043 3607 5111">
    <p class='ocr_par' dir='ltr' id='par_1_108' title="bbox 2037 5043 3607 5111">
     <span class='ocr_line' id='line_1_108' title="bbox 2037 5043 3607 5111; baseline 0.001 -14"><span class='ocrx_word' id='word_1_776' title='bbox 2037 5044 2231 5106; x_wconf 84' lang='lat' dir='ltr'><strong>disset,</strong></span> <span class='ocrx_word' id='word_1_777' title='bbox 2263 5045 2408 5099; x_wconf 87' lang='lat' dir='ltr'><strong>vires</strong></span> <span class='ocrx_word' id='word_1_778' title='bbox 2451 5043 2723 5099; x_wconf 71' lang='lat' dir='ltr'><strong>universa:</strong></span> <span class='ocrx_word' id='word_1_779' title='bbox 2749 5044 2870 5111; x_wconf 91' lang='lat' dir='ltr'><strong>opis</strong></span> <span class='ocrx_word' id='word_1_780' title='bbox 2915 5045 3186 5111; x_wconf 69' lang='lat' dir='ltr'><strong>humanae,</strong></span> <span class='ocrx_word' id='word_1_781' title='bbox 3218 5047 3410 5100; x_wconf 88' lang='lat' dir='ltr'><strong>umbra</strong></span> <span class='ocrx_word' id='word_1_782' title='bbox 3463 5047 3607 5099; x_wconf 67' lang='lat' dir='ltr'><strong>fuit-t-</strong></span> 
     </span>
    </p>
   </div>
   <div class='ocr_carea' id='block_1_109' title="bbox 2040 5135 3609 5205">
    <p class='ocr_par' dir='ltr' id='par_1_109' title="bbox 2040 5135 3609 5205">
     <span class='ocr_line' id='line_1_109' title="bbox 2040 5135 3609 5205; baseline -0.001 -15"><span class='ocrx_word' id='word_1_783' title='bbox 2040 5147 2180 5191; x_wconf 84' lang='lat' dir='ltr'><strong>Sent.</strong></span> <span class='ocrx_word' id='word_1_784' title='bbox 2211 5135 2348 5190; x_wconf 85' lang='lat' dir='ltr'><strong>Nam</strong></span> <span class='ocrx_word' id='word_1_785' title='bbox 2409 5152 2530 5205; x_wconf 77' lang='lat' dir='ltr'><strong>qua:</strong></span> <span class='ocrx_word' id='word_1_786' title='bbox 2570 5143 2753 5188; x_wconf 88' lang='lat' dir='ltr'><strong>tantus</strong></span> <span class='ocrx_word' id='word_1_787' title='bbox 2783 5137 3168 5202; x_wconf 85' lang='lat' dir='ltr'><strong>prophetarum</strong></span> <span class='ocrx_word' id='word_1_788' title='bbox 3200 5152 3483 5201; x_wconf 86' lang='lat' dir='ltr'><strong>numerus,</strong></span> <span class='ocrx_word' id='word_1_789' title='bbox 3514 5150 3609 5188; x_wconf 76' lang='lat' dir='ltr'><strong>ue-</strong></span> 
     </span>
    </p>
   </div>
   <div class='ocr_carea' id='block_1_110' title="bbox 2038 5226 3607 5297">
    <p class='ocr_par' dir='ltr' id='par_1_110' title="bbox 2038 5226 3607 5297">
     <span class='ocr_line' id='line_1_110' title="bbox 2038 5226 3607 5297; baseline 0.001 -19"><span class='ocrx_word' id='word_1_790' title='bbox 2038 5226 2475 5297; x_wconf 67' lang='lat' dir='ltr'><strong>queludaeorum</strong></span> <span class='ocrx_word' id='word_1_791' title='bbox 2535 5236 2838 5296; x_wconf 86' lang='lat' dir='ltr'><strong>potuerunt</strong></span> <span class='ocrx_word' id='word_1_792' title='bbox 2885 5228 3102 5282; x_wconf 87' lang='lat' dir='ltr'><strong>abolere</strong></span> <span class='ocrx_word' id='word_1_793' title='bbox 3155 5230 3446 5282; x_wconf 85' lang='lat' dir='ltr'><strong>simulacra</strong></span> <span class='ocrx_word' id='word_1_794' title='bbox 3477 5266 3491 5286; x_wconf 85' lang='lat'><strong>,</strong></span> <span class='ocrx_word' id='word_1_795' title='bbox 3541 5243 3607 5280; x_wconf 86' lang='lat' dir='ltr'><strong>ea</strong></span> 
     </span>
    </p>
   </div>
   <div class='ocr_carea' id='block_1_111' title="bbox 2038 5317 3609 5383">
    <p class='ocr_par' dir='ltr' id='par_1_111' title="bbox 2038 5317 3609 5383">
     <span class='ocr_line' id='line_1_111' title="bbox 2038 5317 3609 5383; baseline -0.001 -13"><span class='ocrx_word' id='word_1_796' title='bbox 2038 5317 2288 5373; x_wconf 80' lang='lat' dir='ltr'><strong>Christus</strong></span> <span class='ocrx_word' id='word_1_797' title='bbox 2342 5319 2630 5383; x_wconf 79' lang='lat' dir='ltr'><strong>accedens,</strong></span> <span class='ocrx_word' id='word_1_798' title='bbox 2683 5317 2853 5374; x_wconf 88' lang='lat' dir='ltr'><strong>veluti</strong></span> <span class='ocrx_word' id='word_1_799' title='bbox 2905 5317 3116 5372; x_wconf 74' lang='lat' dir='ltr'><strong>furnum</strong></span> <span class='ocrx_word' id='word_1_800' title='bbox 3169 5332 3496 5372; x_wconf 78' lang='lat' dir='ltr'><strong>evanescere</strong></span> <span class='ocrx_word' id='word_1_801' title='bbox 3540 5328 3609 5369; x_wconf 70' lang='grc' dir='ltr'>ει</span> 
     </span>
    </p>
   </div>
   <div class='ocr_carea' id='block_1_112' title="bbox 2041 5409 3609 5480">
    <p class='ocr_par' dir='ltr' id='par_1_112' title="bbox 2041 5409 3609 5480">
     <span class='ocr_line' id='line_1_112' title="bbox 2041 5409 3609 5480; baseline -0.003 -16"><span class='ocrx_word' id='word_1_802' title='bbox 2041 5412 2294 5465; x_wconf 80' lang='lat' dir='ltr'><strong>universa</strong></span> <span class='ocrx_word' id='word_1_803' title='bbox 2351 5420 2494 5464; x_wconf 88' lang='lat' dir='ltr'><strong>terra</strong></span> <span class='ocrx_word' id='word_1_804' title='bbox 2527 5412 2728 5480; x_wconf 83' lang='lat' dir='ltr'><strong>coegit,</strong></span> <span class='ocrx_word' id='word_1_805' title='bbox 2758 5410 3202 5478; x_wconf 84' lang='lat' dir='ltr'><strong>quanquuidem</strong></span> <span class='ocrx_word' id='word_1_806' title='bbox 3240 5409 3398 5474; x_wconf 85' lang='lat' dir='ltr'><strong>primi</strong></span> <span class='ocrx_word' id='word_1_807' title='bbox 3445 5409 3609 5460; x_wconf 79' lang='lat' dir='ltr'><strong>viola-</strong></span> 
     </span>
    </p>
   </div>
   <div class='ocr_carea' id='block_1_113' title="bbox 2039 5501 3609 5575">
    <p class='ocr_par' dir='ltr' id='par_1_113' title="bbox 2039 5501 3609 5575">
     <span class='ocr_line' id='line_1_113' title="bbox 2039 5501 3609 5575; baseline -0.003 -18"><span class='ocrx_word' id='word_1_808' title='bbox 2039 5507 2186 5560; x_wconf 86' lang='lat' dir='ltr'><strong>tione</strong></span> <span class='ocrx_word' id='word_1_809' title='bbox 2207 5504 2457 5575; x_wconf 83' lang='lat' dir='ltr'><strong>praecepti</strong></span> <span class='ocrx_word' id='word_1_810' title='bbox 2492 5511 2542 5558; x_wconf 89' lang='lat' dir='ltr'><strong>et</strong></span> <span class='ocrx_word' id='word_1_811' title='bbox 2577 5513 2698 5572; x_wconf 87' lang='lat' dir='ltr'><strong>post</strong></span> <span class='ocrx_word' id='word_1_812' title='bbox 2725 5503 2884 5567; x_wconf 82' lang='lat' dir='ltr'><strong>hanc,</strong></span> <span class='ocrx_word' id='word_1_813' title='bbox 2923 5518 3067 5557; x_wconf 70' lang='lat' dir='ltr'><strong>caeco</strong></span> <span class='ocrx_word' id='word_1_814' title='bbox 3095 5503 3376 5556; x_wconf 84' lang='lat' dir='ltr'><strong>hominum</strong></span> <span class='ocrx_word' id='word_1_815' title='bbox 3407 5501 3609 5555; x_wconf 76' lang='lat' dir='ltr'><strong>avidis-</strong></span> 
     </span>
    </p>
   </div>
  </div>
