3996 6202
510 272 541 337 ’1
552 273 655 336 θθ3

1794 257 2076 318 MAXIM!
2107 256 2479 317 PLANUDE

3572 254 3698 319 Ὶθθὶ

518 396 659 435 srme
695 377 763 433 ad
810 375 1105 432 simulacra
1136 370 1612 435 concurrentium,
1643 370 1872 440 impetu,
1907 369 2084 423 enica-

2198 368 2275 421 τοῦ
2318 366 2733 436 φιλανθρωπίαν
2765 365 2791 417 6
2810 363 3054 434 ποιητὴς
3080 362 3487 432 ἀντιπαραθεὶς,
3511 368 3566 418 τὸ
3586 368 3701 419 πλά-

518 474 726 524 ciorem
752 482 914 522 suum
944 480 1073 535 erga
1110 465 1404 529 humanum
1437 476 1609 531 genus
1640 476 1881 515 amorem
1918 476 2085 530 oppo-

2191 480 2301 531 σμα
2328 478 2386 514 τε
2416 461 2777 528 ἀνεκτήσατο,
2816 460 2909 510 καὶ
2935 457 3072 526 πρὸς
3104 457 3199 527 τὴν
3232 456 3497 525 προτέραν
3530 457 3704 529 ἐπανήο

511 576 655 625 ruens
681 560 991 629 ﬁgmentum
1022 570 1186 609 suum
1222 553 1629 623 redintegravit,
1653 562 1706 607 et
1729 553 1794 607 ad
1844 553 2083 622 priorem

2198 571 2327 622 γαγε
2352 554 2692 621 οἰκειότητα.
2720 551 2893 604 Τοῦτο
2924 552 2951 602 6
2984 549 3263 619 κεραμεὺς
3306 549 3364 601 ὃν
3393 545 3524 602 εἶδεν
3568 551 3709 619 Ἰερε-

520 664 679 701 usum
742 646 975 701 reduxit.
1010 644 1109 699 Hic
1168 644 1255 697 ille
1317 650 1399 696 est
1450 642 1678 711 ﬁgulus,
1721 657 1877 709 quem
1937 642 2085 697 Jere-

522 741 662 794 tnias
692 738 855 791 vidit;
877 736 999 791 Haec
1022 733 1252 805 collapsi
1283 733 1493 787 vasculi
1531 747 1624 801 per
1658 748 1853 787 manus
1914 732 2088 800 ipsius

523 829 851 891 sublevatio,
885 838 937 882 et
964 829 1106 881 unde
1134 827 1197 880 ad
1252 824 1513 878 artiiicvm
1563 824 1730 893 gloria
1768 824 1947 890 rediit,
1988 825 2087 878 luti

522 923 732 975 rciictio
760 921 1213 988 reiormatioque.

595 1016 712 1075 Ast,
746 1027 777 1065 o
804 1012 1124 1066 admirabile
1158 1027 1296 1080 opus
1335 1012 1349 1065 ί
1385 1009 1701 1065 admiranda
1755 1008 1856 1065 fuit
1917 1010 2087 1078 prima

521 1105 884 1168 nostriiietio,
922 1105 1082 1174 digna
1137 1104 1322 1157 habita
1386 1102 1638 1157 manilius
1702 1113 1758 1157 et
1823 1103 2087 1171 inspirant

522 1198 617 1251 Dei
644 1198 787 1267 (quae
815 1195 1072 1249 nimirum
1132 1210 1326 1248 manus
1349 1204 1401 1248 et
1444 1193 1744 1261 inspiratus
1769 1193 1863 1246 Dei
1889 1193 2091 1246 intelli-

520 1289 661 1357 git);
700 1286 1017 1340 admiranda
1039 1285 1209 1355 magis
1242 1276 1445 1340 relictio
1481 1286 1666 1356 (idque
1693 1294 1866 1349 tanto,
1889 1294 2092 1352 quanto

523 1382 717 1434 melius
737 1387 791 1433 et
816 1377 1092 1448 acceptius
1117 1387 1220 1439 est,
1241 1377 1375 1431 bene
1396 1375 1555 1442 allici,
1587 1390 1749 1444 quam
1778 1376 2090 1443 quempiam

522 1470 703 1539 aliqua
729 1484 787 1523 re
810 1469 1047 1543 allicere)
1082 1469 1335 1537 adeoque
1381 1467 1587 1521 iirmior
1615 1477 1668 1520 et
1699 1467 1967 1521 stultilior.
1997 1442 2109 1519 Vi:

524 1562 720 1615 demus
749 1562 893 1615 enim
936 1558 1208 1624 homines,
1236 1560 1425 1613 saltem
1460 1559 1578 1612 illos
1608 1559 1701 1628 qui
1736 1570 1967 1614 mentem
2000 1561 2096 1615 ha-

526 1653 683 1713 bent,
714 1653 759 1707 si
789 1651 1011 1705 domum
1047 1651 1341 1720 collapsam
1375 1650 1724 1704 instauraturi
1772 1650 1903 1717 sint,
1931 1651 2093 1706 robu-

523 1742 1027 1811 Stioratutioraque
1056 1742 1332 1811 prioribus
1378 1740 1661 1796 elaborare
1728 1740 1956 1795 aedilicia
2014 1740 2092 1795 al-

524 1844 666 1899 tera,
704 1848 771 1888 ne
836 1832 977 1886 idem
1039 1831 1212 1885 ruina:
1268 1839 1444 1885 metus
1501 1830 1811 1900 impendeat
1869 1831 2090 1888 iterum.

523 1925 674 1992 Quod
695 1936 874 1978 autem
896 1923 1061 1977 homo
1092 1922 1270 1976 facere
1301 1922 1605 1987 consuevit,
1639 1922 1729 1990 qui
1765 1938 1869 1977 nou
1923 1923 2093 1977 multo

521 2020 696 2085 magis
727 2018 830 2072 hoc
856 2016 963 2071 Deo
997 2017 1121 2086 quis
1149 2014 1573 2070 tribuatYCerte
1591 2017 1733 2070 bona
1769 2015 1935 2071 Deum
1967 2032 2093 2084 sup-

523 2110 767 2179 peditare
831 2110 1163 2175 hominibus,
1226 2108 1525 2178 primordio
1578 2118 1789 2162 naturae
1840 2107 2094 2162 humanae

523 2202 626 2258 fuit
655 2201 955 2268 adnatum;
992 2184 1125 2255 adeo
1167 2209 1224 2254 ut
1268 2200 1361 2270 qui
1400 2200 1565 2263 vivat,
1611 2215 1718 2253 non
1750 2206 1859 2253 tam
1914 2214 2092 2255 aerem

523 2293 785 2364 spirando
813 2294 1067 2355 adducat,
1100 2308 1259 2361 quam
1292 2291 1387 2347 Dei
1414 2301 1595 2347 utatur
1651 2291 1935 2347 beneﬁcio.
1988 2294 2091 2344 Su-

525 2395 744 2455 pererat
765 2397 943 2439 autem
978 2394 1036 2439 ut
1062 2384 1533 2452 bonisimponeret
1551 2382 1856 2454 fastigium,
1891 2383 1944 2438 id
1976 2392 2094 2438 erat

524 2482 705 2551 ipsum
730 2492 789 2533 se
820 2476 1001 2542 nobis,
1044 2484 1097 2532 et
1153 2491 1254 2533 nos
1301 2476 1404 2532 sibi
1450 2477 1838 2532 communione
1884 2485 2095 2530 naturae

524 2571 855 2637 assimilare,
880 2580 935 2625 et
966 2585 997 2625 e
1027 2578 1204 2625 morte
1264 2569 1546 2635 reducere,
1584 2578 1748 2639 atque
1777 2569 2095 2625 haereditate

522 2662 725 2717 donare
752 2664 901 2732 regni
937 2660 1220 2716 caelorum.
1247 2660 1381 2727 Quis
1420 2660 1592 2729 enim,
1623 2660 1716 2715 ubi
1779 2675 1840 2717 se
1908 2663 2089 2731 ipsum

522 2756 654 2809 dare
686 2754 956 2824 Oportuit,
990 2754 1441 2822 promptissimus
1472 2752 1574 2810 fuit
1614 2771 1630 2809 :
1665 2753 1754 2810 cui
1788 2754 1867 2809 rei
1915 2755 2085 2810 etiam

522 2849 570 2903 si
600 2847 833 2901 maxima
858 2845 950 2907 sit,
975 2844 1064 2899 ille
1100 2851 1428 2917 pepercerit.

2193 645 2323 713 μίας
2345 660 2357 676 ·
2388 641 2714 710 τοῦτοὴτοῦ
2757 640 3115 700 διαπεσόντος
3145 638 3371 704 ἀγγείου
3407 636 3508 690 τῶν
3528 638 3706 693 ἐκείνου

2191 735 2392 806 χειρῶν
2436 732 2726 802 ἀνάληψις.
2780 732 2875 784 καὶ
2921 729 3059 798 πρὸς
3109 730 3245 797 ὅπερ
3298 731 3327 781 6
3368 729 3601 798 τεχνίτης
3627 732 3708 797 uti.

2190 828 2375 887 δόκει,
2420 824 2515 878 τοῦ
2586 824 2758 893 πηλοῦ
2816 821 3161 883 κατάπλασίς
3229 837 3290 873 τε
3352 820 3443 873 καὶ
3512 820 3709 891 μετατύο

2192 934 2385 975 πωσις.

2275 1008 2442 1073 Ἀλλ’,
2464 1006 2512 1059 ὣ
2538 1006 2630 1059 τοῦ
2658 1004 2935 1073 θαύματος
2958 1005 2971 1057 l
2992 1003 3287 1074 θαυμαστὴ
3322 1003 3417 1072 μέν
3433 1004 3522 1055 καλ⁵
3544 1004 3572 1069 ἠ
3602 1019 3711 1071 προ-

2192 1102 2328 1169 τέρα.
2359 1100 2559 1161 πλάσις
2600 1097 2781 1167 ἡμῶν,
2816 1096 3019 1166 χειρῶν
3046 1096 3142 1150 καὶ
3177 1096 3565 1163 ἐμφυσήματος
3584 1095 3714 1159 ἀξιω-

2195 1193 2352 1245 θεῖσα
2380 1190 2516 1243 Θεοῦ
2542 1206 2556 1217 '
2588 1190 2748 1244 ἀτινά
2776 1207 2905 1244 ποτε
2958 1189 3077 1258 χεὶρ
3132 1188 3228 1240 καὶ
3277 1187 3568 1255 ἐμφύσημα
3604 1187 3714 1238 νοεῖ·

2194 1301 2286 1337 ται
2346 1281 2519 1335 Θεοῦ·
2580 1280 3011 1350 θαυμασιωτέρα
3063 1278 3118 1330 δέ
3197 1280 3230 1347 ἠ
3281 1278 3587 1339 ἁνάπλασις,
3640 1278 3715 1327 καὶ

2193 1372 2473 1436 τοσοῦτον,
2501 1374 2627 1425 ὅσον
2662 1372 2784 1436 τοῦ,
2814 1372 2866 1423 τὶ
2916 1373 3144 1440 ποιῆσαι
3175 1370 3323 1438 ὑπὲρ
3368 1386 3524 1430 τινος,
3551 1368 3604 1420 τὸ
3632 1385 3716 1419 πα-

2198 1464 2314 1517 θεῖν
2351 1462 2688 1532 ὑψηλότερον
2721 1463 2818 1515 καὶ
2842 1462 3386 1531 φιλανθρωπότερον.
3424 1462 3526 1513 Καὶ
3557 1459 3614 1529 δὴ
3643 1462 3718 1513 καὶ

2196 1556 2531 1628 ἐδραιοτὲρα.
2559 1555 2699 1624 Ἤδη
2730 1557 2838 1624 γάρ
2867 1562 2968 1608 που
2994 1555 3089 1607 καὶ
3123 1554 3432 1622 ἀνθρώπων
3473 1552 3586 1613 τοὺς
3618 1553 3718 1603 νοῦν

2198 1651 2418 1721 ἔχοντας
2451 1649 2725 1703 πεσοῦσαν
2752 1648 2930 1701 οἰκίαν
2984 1646 3487 1709 ἀνασκευάζοντας,
3518 1645 3721 1713 ἀσφαλέ-

2202 1759 2371 1811 στερα
2408 1740 2514 1794 τῶν
2542 1739 2827 1810 προτέρων
2855 1737 3225 1799 ἐκπονοῦντας
3248 1733 3387 1813 εἶδον
3413 1735 3477 1788 τὰ
3507 1735 3718 1803 δεύτερα,

2199 1833 2291 1886 τοῦ
2332 1837 2406 1903 μὴ
2448 1833 2611 1886 πάλιν
2637 1832 2728 1885 τὸν
2753 1833 2869 1884 ῐσον
2905 1831 3072 1899 φόϐον
3101 1830 3200 1897 τῆς
3227 1828 3483 1889 πτώσεως
3516 1829 3721 1896 ἐπηρτῆ-

2202 1926 2347 1980 σθαι.
2396 1927 2462 1978 ⁸0
2502 1926 2547 1979 δ’
2587 1924 2869 1996 ἄνθρωπος
2929 1926 2995 1979 ἂν
3038 1925 3308 1993 ποιήσειε,
3360 1919 3528 1991 πολλῷ
3560 1919 3722 1988 μᾶλλον

2198 2015 2341 2069 τοῦτ’
2375 2016 2441 2069 ἄν
2490 2031 2575 2079 τις
2631 2016 2747 2085 δοίη
2777 2014 2919 2085 Θεῷ.
2954 2016 3066 2069 Καὶ
3121 2016 3230 2085 μὴν
3262 2012 3359 2067 καὶ
3402 2012 3463 2065 τὸ
3501 2011 3590 2081 μὲν
3632 2011 3720 2072 rei;

2200 2110 2510 2179 ἀνθρώποις
2542 2110 2674 2163 Θεὸν
2700 2110 2769 2163 τὰ
2794 2108 3010 2180 χρηστὰ
3044 2114 3332 2179 παρέχειν,
3377 2106 3650 2174 σύγχρονον
3668 2104 3719 2170 τῇ

2199 2205 2309 2257 τῶν
2340 2203 2649 2273 ἀνθρώπων
2680 2203 2916 2271 γενέσει,
2954 2202 3049 2255 καὶ
3093 2201 3154 2254 οὐ
3212 2201 3419 2270 μᾶλλον
3458 2199 3615 2267 ζήσας
3657 2212 3721 2256 τις

2149 2321 2151 2324 ‹
2200 2294 2359 2363 ἀέρος
2404 2292 2705 2360 ἔσπασενῆ
2755 2292 3007 2354 εὐποιίας
3062 2292 3299 2361 μετέσχε
3339 2288 3491 2343 Θεοῦ.
3524 2285 3723 2340 Ἐδειδὲ

2199 2387 2259 2440 τὸ
2285 2386 2583 2456 κεφάλαιον
2615 2384 2936 2456 ἐπιτεθῆναι
2963 2384 3073 2437 τῶν
3091 2383 3341 2452 ἀγαθῶν.
3359 2382 3486 2434 Τόδε
3511 2376 3593 2450 ἦν,
3618 2380 3723 2431 ἐπν-

2200 2480 2290 2533 τόν
2318 2495 2376 2531 τε
2404 2479 2559 2546 ἡμῖν,
2592 2477 2687 2530 καὶ
2718 2477 2867 2547 ἡμᾶς
2902 2476 3080 2546 ἐαυτῷ
3108 2479 3173 2546 τῇ
3240 2475 3496 2543 κοινωνίᾳ
3532 2472 3619 2541 τῆς
3642 2468 3716 2536 φύ-

2203 2587 2340 2632 σεως
2395 2569 2702 2633 οἰκειῶσαι,
2762 2571 2857 2622 καὶ
2894 2568 2959 2621 ἐκ
3009 2568 3249 2620 θανάτου
3303 2565 3603 2633 ἀναγαγεῖν,
3646 2562 3723 2613 καὶ

2199 2663 2401 2733 κλῆρον
2431 2660 2617 2715 δοῦναι
2656 2660 2755 2731 τὴν
2803 2660 3050 2730 οὐρανῶν
3087 2658 3393 2729 βασιλείαν.
3433 2657 3490 2710 Ὃ
3532 2656 3645 2724 γὰρ,
3673 2646 3722 2704 οῦ

2198 2756 2294 2810 καὶ
2317 2753 2479 2807 αὐτὸν
2504 2751 2675 2822 ἐχρῆν
2712 2752 3015 2816 ἐπιδοῦναι,
3058 2752 3205 2821 μέγα
3234 2750 3298 2803 τὸ
3334 2748 3600 2819 πρόθυμον
3627 2763 3716 2798 πα-

2202 2845 2565 2920 ρασχόμενος,
2596 2845 2742 2909 τίνος
2780 2842 2846 2899 ἂν
2886 2843 3070 2905 ἄλλου,
3124 2840 3229 2895 κᾶν
3265 2842 3518 2909 μέγιστον
3544 2833 3592 2909 ᾖ.
3620 2836 3719 2903 ee?-

2204 2956 2358 2997 σαιτο
2381 2959 2397 3009 ;

596 3025 788 3094 Magna
822 3026 987 3099 igitur
1015 3027 1131 3082 haec
1155 3037 1305 3090 sunt,
1330 3027 1423 3082 sed
1459 3041 1635 3096 neque
1685 3027 1888 3094 aliena,
1915 3042 2093 3098 neque

2265 3037 2426 3102 Μέγα
2463 3032 2562 3104 μὲν
2596 3026 2710 3098 οὖν,
2742 3030 2894 3084 οὐδὲν
2932 3029 2990 3084 δέ
3049 3029 3256 3085 ἄτοπον
3290 3029 3323 3100 ἦ
3357 3028 3619 3089 ἀδύνατον,
3649 3022 3721 3075 καὶ

523 3133 587 3173 ex
622 3133 812 3174 eorum
850 3133 1098 3181 numero,
1131 3134 1252 3189 quae
1276 3119 1388 3173 ﬂeri
1422 3134 1530 3173 non
1590 3126 1843 3189 possunt,
1894 3120 2095 3177 ,Deutn

523 3226 625 3284 pro
656 3210 972 3265 hominibus
1026 3210 1143 3266 ﬂeri
1201 3211 1495 3275 hominem,
1528 3220 1837 3267 manentem
1880 3212 2097 3268 interim

526 3304 692 3358 Deum
725 3317 776 3359 et
808 3320 901 3372 per
934 3319 1153 3359 carnem
1199 3318 1230 3357 a
1261 3318 1320 3358 se
1383 3314 1720 3374 assumptam
1784 3307 2096 3362 universam

525 3411 743 3449 carnem
769 3397 893 3450 vitae
923 3395 1231 3451 restituere.
1266 3393 1400 3450 Tam
1429 3397 1708 3464 gloriosus
1758 3406 1951 3452 contra
1987 3398 2099 3452 iui-

526 3488 723 3541 micum
754 3489 1062 3552 conﬂictus,
1099 3497 1151 3544 et
1180 3498 1289 3542 tam
1343 3487 1626 3558 splendida
1662 3489 1730 3545 ab
1761 3491 1950 3545 eodem
2017 3506 2103 3547 re-

527 3588 735 3647 portata
772 3581 872 3635 l‘uit
900 3582 1144 3635 victoria.
1177 3580 1316 3647 Quid
1346 3582 1539 3638 enim?
1596 3582 1824 3638 hoccine
1865 3592 2099 3648 tantum,

530 3672 807 3727 hominem
842 3688 934 3743 per
960 3674 1189 3728 insidias
1228 3674 1547 3745 impostoris
1576 3675 1813 3745 lapsum,
1866 3685 1919 3731 et
1952 3679 2097 3732 hmui

529 3765 723 3818 misere
748 3765 1053 3835 iacentem,
1085 3765 1217 3821 adeo
1274 3767 1492 3833 elevari,
1529 3775 1791 3838 quantum
1849 3769 2100 3824 excidere

525 3859 592 3910 ab
624 3872 688 3909 eo
715 3858 857 3925 quod
910 3858 975 3910 ab
1007 3857 1161 3911 initio
1204 3859 1457 3913 obtinere
1524 3860 1852 3914 videbatur?
1907 3861 2100 3929 itaque

530 3961 693 4014 quam
727 3955 949 4016 propter
978 3949 1483 4016 praevaricationem
1518 3949 1659 4019 jussi
1700 3965 1889 4006 sumus
1942 3953 2100 4006 habi-

535 4043 654 4087 tare
689 4045 909 4103 tcrram,
946 4051 1055 4091 non
1094 4045 1202 4091 tam
1231 4038 1407 4093 exsilii
1433 4039 1607 4094 locum
1638 4057 1799 4111 quam
1827 4043 2097 4097 coloniam

526 4125 592 4176 ad
629 4134 843 4192 tempus
875 4126 1205 4196 assignatam
1230 4143 1352 4184 esse
1385 4131 1682 4185 credimus.
1722 4130 1854 4185 Nam
1908 4133 2101 4187 incoli-

531 4231 649 4270 mus
702 4218 997 4273 etiamdum
1064 4222 1224 4277 hodie
1274 4223 1585 4292 paradisum
1639 4238 1757 4293 spe,
1805 4235 1860 4279 et
1920 4226 2097 4291 bonis,

530 4310 727 4377 quibus
758 4310 849 4366 ille
881 4311 1217 4380 abundabat,
1247 4314 1504 4379 fruimur,
1534 4325 1589 4371 et
1627 4332 1736 4387 quo
1792 4318 1928 4372 nihil
1987 4334 2099 4372 meo

527 4400 620 4466 jus
658 4409 763 4464 est,
802 4412 1054 4456 naturam
1095 4416 1339 4460 nostram
1379 4406 1642 4464 habemus
1685 4424 1804 4478 qute
1855 4411 2093 4465 assideat

532 4489 640 4545 Deo
667 4501 721 4545 et
754 4490 922 4558 Patri,
961 4503 1395 4566 potestatemque
1432 4500 1743 4567 accepimus
1798 4507 1855 4555 ut
1905 4502 2095 4555 ﬁamus

532 4580 624 4635 Dei
652 4582 770 4648 lilii,
800 4584 1044 4653 adeoque
1077 4586 1170 4640 dii.
1204 4586 1316 4656 Age
1352 4603 1500 4652 vero,
1536 4602 1790 4659 possetne
1842 4593 1964 4661 quis
2012 4592 2095 4646 di-

530 4686 652 4723 cere
687 4682 867 4739 utrum
899 4671 1110 4731 felicius
1148 4676 1326 4731 vivere
1358 4678 1519 4732 nobis
1548 4679 1619 4732 sit
1647 4682 1996 4750 permissum,
2030 4697 2097 4736 an

533 4761 676 4817 Deus
708 4764 914 4833 majore
940 4778 1042 4821 nos
1078 4780 1265 4823 arnore
1297 4771 1706 4839 prosequatur?
1756 4772 1947 4836 Nemo,
1979 4775 2100 4842 upi-

532 4867 653 4906 nor.
696 4853 841 4920 Quid
877 4855 1180 4911 reddemus
1240 4858 1474 4912 Domino
1537 4876 1633 4930 pro
1672 4863 1929 4916 omnibus
1973 4878 2093 4931 quas

530 4934 677 4999 dedit
711 4946 905 5001 nobis?
936 4946 1066 5003 Sive
1094 4950 1237 5003 enim
1267 4949 1465 5003 cmlum
1490 4960 1544 5005 et
1578 4960 1804 5014 terram,
1830 4965 1883 5006 et
1914 4956 2096 5007 omnia

531 5052 653 5106 quae
678 5037 733 5091 in
756 5038 836 5095 eis
866 5049 1015 5105 sunt,
1044 5049 1330 5110 proponat,
1359 5041 1531 5112 regias
1558 5042 1763 5097 homini
1795 5054 2101 5102 exstructas

530 5127 716 5184 videre
748 5129 923 5199 licet;
965 5131 1081 5186 sive
1115 5132 1388 5186 hominem
1447 5133 1634 5202 tingat,
1672 5141 1725 5189 et
1784 5136 2103 5190 immortali-

529 5227 639 5274 tate
663 5229 841 5287 ornet,
870 5231 927 5276 et
958 5223 1283 5277 excellentia
1318 5225 1551 5293 propriae
1602 5226 1849 5296 imaginis
1884 5229 2101 5296 vestiat,

526 5311 651 5377 quis
686 5327 795 5366 non
821 5313 969 5369 hunc
1000 5315 1153 5369 illum
1217 5316 1587 5384 esseiudicet,
1617 5319 1708 5387 qui
1774 5319 1913 5373 bene
1978 5322 2105 5375 velit

530 5403 775 5471 beneque
836 5406 1000 5460 iaciat
1067 5408 1325 5462 homini?
1370 5408 1485 5464 sive
1560 5411 1721 5465 etiam
1789 5414 2102 5483 paradisum

532 5496 736 5561 plantis
770 5512 1046 5552 ammnum
1076 5499 1241 5553 faciat
1265 5510 1319 5553 et
1350 5501 1622 5557 hominem
1674 5504 1728 5556 in
1782 5518 1847 5559 eo
1879 5504 2107 5558 collocet

530 5586 687 5653 (euge
721 5587 1007 5656 felititas),
1047 5590 1161 5644 sive
1184 5591 1307 5644 inde
1335 5593 1515 5661 exigat
1556 5602 1610 5647 et
1637 5604 1811 5648 morte
1861 5596 2101 5660 damnet,

528 5687 592 5727 ea
619 5675 683 5727 de
718 5690 908 5742 causn,
946 5693 1011 5732 ne
1039 5679 1238 5759 malum
1264 5680 1478 5751 longius
1517 5690 1568 5738 et
1618 5684 1828 5754 |0ugitts
1886 5696 2096 5754 serpit,

2200 3127 2488 3197 ἄνθρωπον
2521 3124 2663 3193 ὑπὲρ
2701 3122 3007 3193 ἀνθρώπων
3039 3121 3304 3187 γενέσθαι
3334 3122 3424 3174 τὸν
3471 3119 3611 3180 Θεὸν,
3647 3117 3723 3183 μέ-

2200 3236 2359 3274 νοντα
2382 3216 2545 3271 πάλιν
2575 3214 2736 3280 Θεὸν,
2762 3214 2858 3268 καὶ
2887 3213 2976 3267 διὰ
3006 3213 3104 3284 τῆς
3130 3213 3286 3281 αὑτῷ
3334 3209 3722 3284 προσληφθείσης

2202 3309 2426 3380 σαρκὸς,
2461 3309 2643 3362 πᾶσαν
2693 3303 3111 3360 ἀνανεώσασθαι
3168 3304 3272 3374 τὴν
3325 3305 3431 3357 τῶν
3464 3301 3722 3372 ἀνθρώπων

2200 3400 2385 3469 φύσιν.
2413 3398 2573 3454 Οὕτω
2602 3398 2712 3467 γὰρ
2737 3396 3071 3467 εὐπρόσωπα
3106 3396 3290 3449 δοκεῖν
3316 3392 3428 3465 εἶχε
3456 3395 3541 3447 καὶ
3561 3395 3620 3446 τὰ
3648 3393 3723 3459 τῆς

2203 3494 2339 3564 πρὸς
2366 3493 2456 3546 τὸν
2491 3490 2687 3563 ἐχθρὸν
2717 3490 3040 3559 συμπλοκῆς
3074 3505 3134 3540 τε
3180 3489 3280 3541 καὶ
3320 3490 3494 3556 νίκης.
3541 3484 3599 3537 Τί
3637 3483 3721 3552 γὰρ

2199 3586 2454 3641 τοσοῦτον
2489 3586 2538 3638 εί
2564 3584 2854 3654 ἄνθρωπον
2890 3584 3078 3635 πεσεῖν
3106 3583 3196 3633 καὶ
3230 3578 3618 3649 ταπεινωθῆναι
3639 3593 3721 3627 κα-

2201 3678 2559 3748 κοτεχνήσας,
2597 3677 2701 3729 ὑπὸ
2728 3675 2867 3729 Θεοῦ
2899 3675 3219 3743 καθαιροῖτο
3243 3689 3259 3739 ;
3300 3668 3466 3725 Ὅσον
3506 3673 3551 3722 εἰ
3584 3664 3722 3735 οὗπερ

2200 3770 2378 3822 ἐδόχιι
2415 3770 2642 3839 κρατεῖν
2667 3767 2982 3821 ὑπὸτούτου
3008 3770 3105 3836 τῆς
3136 3770 3314 3839 ἀρχῆς
3344 3766 3721 3821 ἀπαλλάττοιτο.

2214 3858 2500 3914 Ἐντεῦθεν
2535 3860 2626 3911 καὶ
2664 3859 2729 3929 ἢν
2782 3860 2844 3911 ἐκ
2891 3860 3265 3928 παραϐάσεως
3298 3863 3470 3913 οἰκεῖν
3508 3854 3722 3923 κατεκρί-

2201 3952 2375 4020 θημεν
2407 3950 2532 4019 γῆν,
2562 3952 2659 4019 οὐχ
2689 3950 2761 4012 ὼς
2796 3952 3115 4021 καταδίκην,
3167 3952 3284 4004 ἀλλ’
3318 3952 3393 4016 ὡς
3430 3953 3721 4021 πρόσκαιρον

2202 4045 2495 4113 παροικίαν
2518 4043 2666 4119 εἶναι
2704 4045 3010 4115 πειθόμεθα
3037 4062 3050 4076 ·
3080 4048 3173 4099 καὶ
3200 4047 3304 4117 ήδη
3338 4063 3403 4116 γι
3439 4048 3552 4107 ταῖς
3575 4044 3722 4096 ἐλπίσι

2200 4138 2292 4190 τὸν
2336 4138 2677 4203 παράδεισον
2714 4136 2871 4199 αὖθις
2926 4138 3203 4205 οἰκοῦμεν,
3259 4142 3355 4193 καὶ
3387 4141 3492 4192 τῶν
3542 4135 3723 4204 ἀγαθῶν

2201 4230 2318 4280 ἐκεῖ
2342 4230 2808 4298 κατατρυφῶμεν,
2835 4230 3008 4281 καὶτὸ
3040 4229 3103 4297 δὴ
3140 4233 3337 4294 παντὸς
3384 4232 3560 4300 μεῖζον
3608 4229 3722 4279 οὑτι-

2202 4317 2523 4376 νοσοῦν,ὃτι
2574 4319 2673 4389 τὴν
2701 4321 2987 4389 ἡμετέραν
3047 4320 3211 4388 φύσιν
3268 4323 3516 4393 σύνεδρον
3562 4320 3722 4389 ἔχομεν

2202 4409 2280 4477 τῷ
2320 4409 2441 4478 Θεῷ
2466 4410 2562 4463 καὶ
2593 4410 2788 4479 Πατρὶ.
2832 4413 2926 4464 καὶ
2984 4412 3153 4464 τέκνα
3190 4413 3447 4481 γενέσθαι
3482 4413 3568 4465 καὶ
3590 4410 3723 4479 ἡμεῖς

2199 4499 2335 4553 Θεοῦ
2387 4501 2480 4550 καὶ
2525 4498 2664 4565 θεοὶ,
2715 4499 2962 4564 ἐξουσίαν
3018 4502 3305 4572 ἐλάϐομεν.
3352 4500 3494 4573 *Δρα
3554 4503 3723 4555 τούτων

2200 4593 2315 4662 ἔχοι
2344 4609 2428 4655 τις
2466 4594 2534 4646 ἂν
2562 4596 2738 4647 εἰπεῖν
2801 4594 2833 4664 ἢ
2868 4596 3011 4664 ἡμᾶς
3058 4598 3324 4667 ἐγχωρεῖν
3356 4596 3725 4667 εὐδαιμονέστε-

2204 4701 2294 4754 ρον
2321 4684 2549 4754 πρᾶξαι,
2578 4684 2610 4752 ἢ
2637 4684 2731 4739 τὸν
2765 4686 2897 4738 Θεὸν
2940 4686 3433 4759 φιλανθρωποτέρῳ
3450 4682 3721 4758 χρήσασθαι

2200 4776 2421 4847 τρόπφὶ
2463 4776 2675 4842 οὐδεὶς.
2709 4772 2886 4845 οἶμαι.
2918 4779 2983 4830 Τί
3002 4781 3453 4849 ἁνταποδὼσομεν
3473 4780 3543 4847 τῷ
3564 4777 3720 4845 Κυρίῳ

2204 4866 2335 4936 περὶ
2363 4867 2584 4919 πάντων
2623 4861 2697 4920 ὧν
2728 4868 3114 4923 ἁνταπέδωκεν
3156 4872 3328 4939 ἠμῖν;
3380 4871 3485 4925 Καὶ
3532 4868 3625 4935 γὰρ
3667 4865 3719 4916 ἂν

2201 4957 2435 5027 οὐρανὸν
2460 4959 2681 5028 παράγῃ
2718 4958 2813 5010 καὶ
2840 4963 2942 5029 γῆν
2975 4963 3071 5013 καὶ
3116 4962 3217 5014 ὅσα
3253 4964 3309 5013 ἐν
3341 4962 3560 5022 τοὺτοις,
3588 4954 3719 5025 βασι·

2201 5049 2321 5101 λεια
2352 5050 2617 5120 πάρεστιν
2643 5052 2775 5119 όρᾷν
2804 5052 3232 5121 οἰκοδομοῦμενα
3259 5053 3334 5122 τῷ
3373 5045 3718 5120 ἀνθρώπῳοᾶν

2204 5140 2298 5192 τὸν
2327 5140 2615 5210 ἄνθρωπον
2658 5141 2825 5194 αὑτὸν
2861 5143 3113 5196 πλάττων
3161 5143 3458 5196 ἀθανασίαν
3490 5156 3542 5192 τε
3583 5151 3718 5207 μετα·

2202 5232 2331 5301 διδῷ
2371 5236 2467 5286 καὶ
2500 5232 2717 5302 ἀξίωμα
2760 5235 3013 5304 περιτιθῇ
3064 5226 3165 5305 τῆν
3199 5237 3406 5289 οῖκεέαν
3438 5232 3619 5287 εἰκόνα,
3650 5228 3716 5287 τίς

2205 5324 2270 5376 ἂν
2298 5324 2359 5377 οὐ
2390 5325 2479 5377 τὸν
2501 5325 2789 5393 ἄνθρωπον
2819 5325 3229 5393 εὐεργετοῦντος
3250 5324 3385 5379 εἶναι
3424 5324 3569 5376 τοῦτο
3598 5317 3716 5383 λογί-

2207 5428 2394 5479 σαιτο;
2434 5414 2530 5467 Ἂν
2566 5414 2902 5482 παράδεισον
2936 5414 3138 5484 φυτεύῃ
3193 5415 3289 5469 καὶ
3336 5414 3425 5466 τὸν
3472 5412 3715 5480 ἀνθρωπθν

2205 5505 2262 5555 ἐν
2295 5504 2444 5573 αὐτῷ
2476 5505 2785 5574 καθμδρύῃ;
2824 5505 2897 5558 Εὖ
2939 5522 2999 5568 γε
3062 5506 3157 5573 τῆς
3215 5506 3607 5575 μακαριότητοε.
3639 5499 3714 5549 Ἀν

2207 5598 2416 5647 ἐκεῖθεν
2452 5597 2621 5665 ἐξάγῃ
2654 5597 2750 5648 καὶ
2806 5597 3018 5662 θανάτῳ
3051 5597 3405 5665 καταδικάζῃ.
3448 5591 3595 5661 φειδὼ
3642 5582 3714 5636 τοῦ

2215 5688 2533 5753 προϐαίνειν
2585 5688 2735 5744 ἐσαεὶ
2766 5688 2825 5740 τὸ
2877 5692 3081 5753 κεκόν;
3125 5690 3220 5741 “Av
3259 5689 3311 5742 δὲ
3343 5692 3429 5741 καὶ
3473 5684 3589 5743 Θεὸς
3636 5678 3713 5739 ὧν»
