3996 6202
322 349 456 415 100)

1239 353 1522 413 ORATIO
1557 353 1631 414 IN
1671 349 2182 422 SEPUL'l'UiiAM
2226 355 2289 414 D.
2331 358 2400 418 N.
2445 355 2505 422 Ι.
2548 355 2611 414 (ἶ.

3431 344 3570 409 101‘0

321 467 528 530 όλϐιος,
556 465 650 520 καὶ
675 464 881 529 παντὸς
911 463 1248 528 οὑτινοσοῦν,
1283 465 1457 536 ἀρχὴν
1483 465 1577 518 καὶ
1613 465 1786 534 μέσην
1804 463 1898 515 καὶ

2014 481 2102 520 sua
2138 468 2188 519 vi
2225 485 2487 525 numerus
2516 479 2619 535 est,
2641 476 2693 524 et
2723 483 2818 538 per
2857 467 3033 536 ipsum
3066 473 3280 531 tempus
3325 465 3426 515 est
3453 456 3571 513 dis-

323 561 479 623 τέλος
509 559 711 630 ὁρίζει,
749 559 843 610 καὶ
879 558 1072 629 πρώτη
1107 561 1480 626 συνεστήσατο
1545 559 1747 628 σχῆμα.
1807 555 1902 610 καὶ

323 655 426 707 ὅσα
486 652 578 705 τὸν
635 652 882 720 παρόντα
953 650 1234 718 διαφεύγει
1313 652 1524 717 καιρόν.
1572 649 1669 700 Ἓν
1731 649 1790 702 δὲ
1841 649 1901 700 τὸ

324 746 640 817 κράτιστον,
682 745 765 797 ’ότι
823 745 919 796 καὶ
979 744 1149 813 Τριάς
1204 745 1231 796 ὁ
1267 743 1428 806 Θεὸς,
1460 741 1647 808 ὥσπερ
1712 741 1775 806 δὴ
1805 741 1902 792 καὶ

327 837 516 908 μονάς.
574 835 854 904 Τιμᾶσοαι
907 834 1038 902 γοῦν
1117 833 1396 887 κάνταῦθα
1477 832 1749 884 διδάσκων
1808 831 1900 882 τὸν

326 933 385 984 ὲν
435 929 628 1000 Τριάδι
679 929 836 991 Θεὸν,
867 926 901 994 ἢ
965 928 1061 979 καὶ
1125 927 1316 978 ἑαυτὸν
1367 925 1464 977 ἕνα
1515 927 1612 992 τῆς
1667 923 1901 993 Τριάδος

325 1021 541 1081 δεικνὺς
579 1018 843 1090 ὁΣωτὴρ,
875 1015 1019 1070 οὓτω
1067 1015 1264 1070 καὶτά
1315 1016 1456 1069 κατὰ
1503 1015 1631 1076 τοὺς
1673 1014 1899 1084 χρόνους

325 1114 556 1168 διέθετο.

397 1371 585 1427 Ταῦτα
609 1371 674 1440 δὴ
707 1371 804 1422 καὶ
825 1368 892 1422 τὰ
931 1367 1166 1438 πρόσθεν
1207 1365 1500 1436 βλέποντες
1529 1365 1580 1416 οἱ
1629 1363 1896 1427 Ἰουδαῖοι,

333 1468 407 1536 μὴ
435 1463 939 1535 προσκοπτέτωσαν
966 1463 1030 1530 τῇ
1067 1459 1254 1527 σαρκί.
1287 1459 1420 1521 Θεθις
1443 1457 1550 1526 γάρ
1575 1456 1634 1510 δν
1664 1456 1900 1526 γεννητὴ

332 1559 496 1628 φύσις
517 1555 728 1626 γυμνὸν
757 1555 890 1625 όρᾷν
927 1554 1024 1605 οὐκ
1054 1551 1120 1605 ἂν
1146 1551 1387 1614 δύναιτο,
1420 1552 1475 1602 ἐν
1509 1549 1647 1618 αὐτῇ
1676 1547 1900 1617 διαφαί-

331 1669 503 1715 νεται,
538 1650 631 1704 καὶ
677 1652 788 1711 τοῖς
839 1653 916 1718 τῷ
967 1647 1281 1715 φαινομένῳ
1313 1643 1738 1714 προσκρούουσι,
1779 1643 1894 1712 ἔχει

333 1742 707 1814 παραφαίνειν
736 1740 836 1809 τὴν
891 1741 1122 1809 ἀόρατον
1153 1736 1407 1805 δύναμιν.
1466 1734 1626 1787 Ἀλλὰ
1677 1733 1898 1796 τούτους

332 1835 434 1905 μὲν
481 1835 591 1889 τῶν
649 1833 827 1889 ἄλλων
887 1830 1184 1901 προφητῶν
1236 1831 1334 1884 οὐκ
1383 1828 1532 1881 ἔστιν
1590 1828 1738 1890 ὅστις
1802 1825 1903 1878 οὐκ

331 1929 527 2001 ἥλεγξε
559 1928 832 1997 πονηροὺς
879 1926 1061 1988 ὄντας,
1095 1923 1356 1991 Ἰωάννης
1389 1921 1444 1975 δὲ
1486 1921 1578 1974 κοιλ⁵
1616 1919 1900 1988 γεννήμα-

336 2039 422 2075 σιν
452 2022 672 2074 εἴκασεν
699 2018 938 2088 ἐχιδνῶν.
989 2018 1061 2069 Τδ
1091 2017 1201 2086 γὰρ
1237 2015 1385 2076 ἔθνος
1419 2011 1659 2081 ἀτεχνῶς
1680 2009 1901 2080 ἐχιδνῶν

338 2111 614 2179 γέννημα,
648 2110 967 2179 ἀχάριστον,
998 2111 1094 2160 καὶ
1135 2109 1376 2176 δήγμασι
1429 2107 1520 2157 τὸν
1572 2109 1631 2158 ὲν
1679 2105 1903 2166 κόλποις

337 2203 616 2271 θάλψαντα
671 2202 1005 2269 διαφθεῖρον.
1058 2194 1218 2254 Οὗτοι
1268 2199 1377 2266 γὰρ
1409 2197 1502 2249 καὶ
1545 2196 1743 2259 πολλὰς
1793 2195 1906 2248 ένέ-

336 2295 470 2362 δρας
514 2292 582 2345 δι’
632 2293 954 2362 ἐρωτήσεων
1000 2292 1077 2358 τῷ
1117 2291 1332 2358 Σωτῆρι
1382 2290 1662 2358 προσῆγον
1693 2303 1706 2318 ⁸
1743 2288 1770 2340 ὁ
1821 2287 1900 2351 δὲ,

336 2384 544 2446 ταύτας
577 2383 805 2436 διέλυεν.
836 2385 898 2436 Ol
931 2383 986 2434 δὲ
1016 2383 1113 2450 τὴν
1140 2383 1198 2433 ἐν
1226 2385 1336 2443 τοῖς
1389 2379 1581 2450 μύθοις
1610 2379 1779 2450 ὕδραν
1813 2398 1903 2448 μι-

342 2475 626 2546 μούμενοε.
683 2477 780 2543 τῆς
811 2473 1036 2544 πρώτης
1093 2475 1336 2542 κεφαλῆς
1371 2473 1712 2541 τεμνομένης
1735 2511 1750 2536 ,
1786 2473 1902 2525 ἑτέ-

343 2586 441 2638 ραν
485 2568 731 2636 ἀνίσχειν
763 2570 1028 2637 παρεῖχον
1057 2566 1308 2634 ἑτοίμως.
1343 2566 1452 2618 Καὶ
1498 2563 1707 2634 ταύτης
1747 2565 1908 2633 ἀφαι-

346 2661 638 2731 ρουμένης,
690 2661 811 2713 οὐδὲ
859 2662 1052 2730 τρίτην
1089 2658 1426 2728 προϐάλλειν.
1475 2658 1740 2728 ἠμέλουν,
1789 2655 1932 2710 εἶτα

338 2755 508 2824 ἀλλην
540 2753 631 2806 ἐπ’
655 2752 814 2823 ἄλλῃ,
871 2754 1064 2821 μέχρις
1090 2744 1150 2804 οὗ
1191 2750 1393 2814 πολλάς
1439 2752 1538 2819 μὲν
1575 2750 1911 2819 προϊσχόμε-

339 2863 442 2907 νοι,
485 2845 666 2920 πάσας
712 2845 758 2897 δ’
794 2844 1186 2908 ἀποϐαλόντες,
1234 2845 1384 2906 τέλος
1417 2844 1497 2913 τῷ
1548 2845 1910 2912 συκοφαντεῖν

339 2939 569 3002 ἑαυτοὺς
621 2937 1029 3001 καθοπλίζουσι.
1059 2939 1166 2992 Καὶ
1191 2937 1366 3001 οὕτως
1415 2936 1728 3006 ἐπιθέμενοι
1763 2936 1915 2989 ἑκόν-

1930 1701 1977 1759 Β

2004 563 2292 625 tributum,
2328 573 2381 616 et
2429 561 2806 616 excellentiam
2844 573 2938 626 per
2989 555 3136 609 hunc
3195 548 3497 607 declavavit
3523 548 3572 601 is

2002 656 2094 722 qni
2129 665 2207 707 ter
2264 663 2566 722 quaterque
2592 656 2782 705 beatus
2819 654 2943 703 est:
2977 656 3031 701 et
3082 645 3158 699 rei
3217 639 3573 707 uniuscujus-

2002 761 2106 813 que
2143 746 2494 813 principium,
2529 745 2764 798 medium
2825 756 2888 795 ac
2918 741 3078 794 linem
3138 733 3487 795 determinat,
3516 739 3571 784 ct

2004 838 2232 908 primam
2295 837 2518 904 ﬁguram
2587 833 2918 894 constituit,
2974 841 3027 885 et
3082 839 3420 898 quiscunque
3471 821 3576 876 hoc

2004 939 2217 999 tempus
2250 927 2432 982 adferri
2475 941 2584 980 non
2623 925 2848 994 patitur.
2889 919 3066 976 Unum
3116 930 3295 974 autem
3344 924 3426 971 est
3482 928 3572 968 su-

2000 1036 2272 1091 premum.
2306 1019 2450 1087 quod
2486 1021 2645 1076 Deus.
2680 1017 2824 1072 sicut
2853 1014 3032 1068 unitas
3058 1019 3165 1074 est,
3201 1009 3275 1064 ita
3302 1016 3356 1063 et
3395 1006 3572 1061 ternio

2002 1116 2095 1179 sit,
2128 1115 2208 1171 vel
2234 1114 2504 1172 hinc,nos
2529 1111 2732 1164 docens
2762 1108 3040 1170 Servator,
3078 1102 3326 1158 venerari
3359 1100 3412 1154 in
3463 1108 3574 1154 ter-

2002 1206 2163 1259 nione
2212 1202 2401 1264 Deum,
2459 1214 2552 1254 aut
2611 1199 2911 1254 ostendens
2976 1211 3032 1251 se
3063 1211 3130 1249 ex
3176 1193 3425 1248 tcrnione
3450 1204 3574 1245 esse

2003 1312 2193 1351 unum.
2213 1296 2289 1350 ita
2308 1308 2525 1363 quoque
2540 1307 2598 1346 se
2618 1291 2838 1355 habent,
2857 1303 2977 1358 quae
2993 1289 3057 1340 ad
3082 1295 3294 1354 tempus
3320 1283 3568 1337 attinent.

2074 1387 2197 1441 "rec
2230 1386 2416 1455 igitur,
2448 1393 2502 1438 et
2527 1398 2587 1437 ea
2629 1397 2749 1451 quia
2795 1387 3216 1449 praecesserunt,
3272 1371 3573 1443 conspicati

2000 1480 2194 1544 Judazi,
2231 1479 2486 1552 desinant
2513 1489 2736 1531 carnem
2786 1470 3198 1530 circumcidere,
3226 1466 3368 1522 Deus
3425 1464 3574 1518 enim

2003 1573 2021 1643 (
2058 1586 2220 1640 quem
2276 1553 2466 1622 natura
2524 1565 2706 1634 genita
2769 1575 2994 1617 cernere
3029 1556 3312 1628 nequeat)
3351 1555 3401 1607 in
3455 1553 3574 1622 ipsa

2005 1671 2333 1731 conspectus
2364 1667 2467 1723 est,
2493 1659 2571 1713 sic
2613 1668 2672 1712 ut
2712 1655 2798 1711 his
2848 1654 2941 1724 qui
2991 1660 3342 1718 conspectum
3398 1648 3575 1715 ipsum

2006 1753 2339 1821 rejccerunt,
2371 1750 2668 1820 potentiam
2701 1763 2821 1817 quae
2853 1748 2974 1802 visu
3009 1743 3212 1815 percipi
3244 1739 3449 1810 nequit,
3483 1751 3577 1790 os-

2007 1846 2226 1901 tendere
2252 1844 2448 1914 possit.
2485 1841 2588 1896 Sed
2621 1841 2720 1895 bos
2747 1853 2908 1894 nemo
2939 1837 3082 1891 inter
3117 1835 3254 1889 alios
3281 1831 3575 1902 prophetas

2010 1939 2135 2004 fuit,
2170 1937 2261 2005 qui
2289 1951 2395 1990 non
2424 1934 2707 2005 improbos
2739 1946 2860 1987 esse
2909 1927 3299 2000 pronuntiarit.
3337 1922 3578 1979 Joannes

2007 2041 2187 2084 autem
2229 2028 2404 2084 soboli
2453 2028 2764 2095 viperarum
2823 2020 3168 2078 assimilavit.
3202 2017 3337 2071 Nam
3393 2027 3577 2069 revera

2004 2140 2137 2195 gens
2162 2124 2275 2176 haec
2305 2133 2544 2190 propago
2572 2127 2656 2173 est
2703 2118 3034 2184 viperarum,
3067 2119 3127 2166 ut
3177 2109 3270 2180 qui
3313 2107 3578 2161 virulenta

2007 2228 2194 2266 morsu
2224 2211 2838 2270 illum-interemerent,
2875 2205 2930 2260 in
2955 2203 3112 2271 cujus
3141 2204 3264 2257 sinu
3319 2197 3579 2254 foveban-

2011 2313 2119 2356 tur.
2146 2300 2208 2355 Hi
2240 2309 2389 2364 sunt,
2416 2299 2509 2368 qui
2542 2312 2636 2365 per
2664 2295 2865 2349 multas
2901 2289 3349 2362 percontationes
3381 2285 3576 2339 Serva-

2016 2395 2117 2450 tori
2153 2398 2376 2461 laqueos
2411 2372 2756 2452 struxerunt,
2784 2387 2838 2440 hi
2869 2385 2960 2456 qui
2983 2382 3209 2453 hydram
3255 2379 3402 2434 illam
3459 2391 3576 2444 qua:

2015 2489 2070 2540 in
2101 2487 2294 2540 fabulis
2321 2494 2430 2549 est,
2466 2483 2686 2546 imitati,
2720 2481 2884 2535 unius
2921 2475 3189 2546 amputati
3237 2472 3430 2542 capitis
3460 2469 3577 2523 loco

2014 2596 2044 2633 e
2074 2579 2321 2649 \estigio,
2354 2577 2497 2648 quod
2527 2574 2898 2643 porrigerunt,
2954 2570 3264 2623 habuerunt
3327 2563 3580 2624 alterum,

2011 2683 2063 2725 ct
2093 2673 2196 2725 hoc
2225 2669 2440 2723 sublato
2478 2682 2584 2720 non
2619 2663 2859 2718 cunctati
2895 2669 3025 2716 sunt
3063 2657 3304 2725 objicere
3339 2652 3580 2713 tertium,

2013 2763 2138 2817 dein
2189 2761 2333 2815 aliud
2361 2766 2483 2828 post
2522 2755 2673 2810 aliud
2711 2771 2724 2807 :
2757 2753 2931 2808 donec
2986 2748 3167 2805 multis
3224 2743 3495 2815 porrectis
3529 2748 3580 2794 et

2014 2853 2348 2909 detruncatis
2381 2851 2447 2905 ad
2486 2856 2792 2904 extremum
2825 2861 2882 2898 se
2923 2840 3212 2897 calumniis
3281 2845 3581 2898 armarunt,

2018 2957 2180 3018 atque
2236 2945 2319 3000 his
2382 2951 2639 3026 urgentes
2687 2939 2958 2993 volentem
3013 2933 3256 2990 volentes
3307 2926 3581 2997 corripue-

338 3049 430 3094 τες
471 3031 667 3086 ἑκόντα
729 3031 970 3101 αἱροῦσι,
1015 3031 1110 3084 κει.)⁸
1149 3030 1444 3100 ἀνάγουσιν
1482 3032 1580 3084 ἐπὶ
1613 3030 1704 3082 τὸν
1742 3045 1909 3084 σταυ-

2014 3049 2144 3098 runt
2198 3047 2252 3095 et
2300 3038 2366 3094 ad
2399 3051 2618 3093 crucem
2653 3031 3024 3087 abduxerunt.

375 3126 454 3179 όν.

343 3141 454 3195 ρον.

412 3219 484 3271 Τὸ
511 3218 620 3288 γάρ
652 3218 745 3272 τὸν
779 3218 1014 3287 λεγεῶσι
1047 3216 1375 3285 πνευμάτων
1406 3216 1772 3286 ἐπιτιμῶντα,
1817 3216 1912 3268 καὶ

341 3313 577 3383 ἀνέμους
633 3312 880 3375 ἱστάντα,
941 3311 1036 3364 καὶ
1095 3311 1189 3363 ἐπὶ
1245 3309 1542 3373 θαλάσσαις
1599 3307 1908 3379 βαδίζοντα,

343 3405 554 3476 θνητῶν
578 3405 902 3473 ἀνθρώπων,
940 3403 1036 3456 καὶ
1067 3403 1186 3456 οὐδὲ
1221 3402 1479 3456 πλείστου
1507 3401 1676 3466 ἀξίων
1708 3402 1914 3471 ἥττονα

247 3499 260 3507 ’
345 3503 658 3570 φαίνεσθαι,
681 3501 949 3571 οὕμενουν
983 3500 1086 3570 τῆς
1133 3500 1361 3552 ἐκείνων
1392 3500 1676 3569 δυνάμεως
1707 3497 1912 3567 γνώρι-

349 3612 484 3663 σμα,
511 3594 610 3662 τῆς
637 3593 693 3646 δὲ
726 3593 916 3646 τούτου
947 3591 1335 3664 μακροθυμίας
1382 3592 1580 3660 δεῖγμα.
1618 3591 1714 3645 καὶ
1751 3588 1912 3659 βαθυ-

346 3688 513 3757 τέρας
539 3685 876 3755 οίκονομίας.
917 3685 1071 3738 Ἐπεὶ
1109 3687 1201 3739 καὶ
1235 3686 1390 3748 Θεὸς,
1418 3685 1493 3746 ὼς
1522 3684 1588 3737 ἂν
1625 3685 1720 3737 καὶ
1751 3699 1914 3736 σταυ-

353 3779 573 3850 potine;
631 3780 1001 3849 συμφήσαιεν,
1055 3779 1184 3841 τοὺς
1229 3778 1329 3846 τὴν
1385 3777 1593 3829 ἐκείνου
1649 3774 1816 3845 τιμὴν
1857 3773 1915 3838 ἐξ

345 3872 516 3923 αὑτοῦ
562 3869 904 3935 καθελόντες,
954 3873 1189 3932 καὶτοῖς
1230 3870 1445 3937 νεκροῖς
1497 3868 1916 3930 ἀνατεθεικότες

293 4039 307 4049 ὓ
345 3960 613 4027 εἰδώλοις,
643 3964 718 4032 μὴ
751 3963 928 4032 ῥίζαις
956 3961 1150 4024 αὐταῖς
1181 3960 1416 4028 ἐξαίρων
1467 3960 1563 4011 καὶ
1609 3957 1912 4026 ἀφανίζων,

350 4055 713 4125 ἐκδηλότατον
777 4056 1005 4125 ἐκφέρει
1054 4055 1230 4122 δήπου
1286 4052 1388 4122 τῆς
1443 4051 1654 4114 οἰκείας
1711 4053 1914 4128 ἀνοχῆς

352 4147 643 4215 σύμϐολον.
683 4146 890 4216 Ἐγωγ’
923 4147 1016 4200 οὖν
1045 4140 1188 4210 οῖδα,
1210 4144 1512 4213 δυνάμενον
1542 4143 1640 4211 μὲν
1678 4144 1751 4213 μὴ
1805 4144 1914 4196 πάρ

349 4256 519 4308 σχειν,
551 4239 872 4309 βουλόμενον
899 4239 976 4292 δέ.
1020 4239 1170 4309 Πλὴν
1197 4237 1304 4290 ἔδει
1357 4236 1417 4288 τὸ
1456 4234 1654 4305 μέτρον
1689 4235 1913 4299 τούτους

2087 3224 2221 3279 Ειιιη
2274 3234 2512 3290 namque
2542 3217 2634 3288 qui
2676 3214 2966 3286 spirituum
2999 3206 3305 3280 legionibus
3337 3204 3585 3272 imperat,

2014 3330 2068 3375 et
2095 3327 2287 3373 ventos
2319 3314 2494 3389 sedat,
2528 3319 2581 3366 et
2612 3325 2709 3380 per
2758 3321 2909 3362 mare
2977 3300 3308 3363 ambulabat,
3368 3293 3588 3351 inferio-

2014 3428 2129 3469 rem
2154 3407 2327 3464 videri
2357 3383 2672 3460 hominibus
2726 3395 3069 3456 mortalibus,
3134 3405 3198 3445 ac
3257 3403 3360 3442 non
3416 3383 3586 3438 multo

2018 3499 2511 3576 prmstantioribus,
2548 3493 2690 3547 haud
2755 3490 2915 3544 dubie
2971 3483 3229 3539 indicium
3289 3479 3419 3533 facit
3469 3489 3590 3543 qua!

2019 3573 2162 3650 vires
2207 3601 2335 3646 sunt
2363 3591 2581 3650 horum,
2608 3590 2664 3637 et
2717 3585 3099 3648 argumentum
3139 3573 3330 3642 probet
3384 3573 3589 3636 quanta

2016 3686 2088 3742 sit
2142 3681 2430 3739 tolerantia
2475 3687 2529 3732 et
2564 3689 2725 3743 quam
2779 3673 3046 3724 immensa
3080 3660 3366 3735 prudentia
3407 3660 3586 3713 illius:

2018 3786 2379 3850 posteaquam
2413 3771 2561 3824 Deus
2607 3782 2730 3823 cum
2786 3765 2858 3821 sit
2888 3763 2907 3832 (
2937 3770 2994 3815 ut
3023 3760 3128 3828 ipsi
3161 3757 3252 3827 qui
3283 3770 3407 3810 eum
3439 3750 3591 3807 cruci

2017 3844 2332 3931 afflixerunt,
2371 3866 2529 3920 fateri
2553 3857 2862 3931 coguntur)
2894 3856 3018 3909 illos
3040 3851 3132 3922 qui
3157 3849 3382 3920 gloriam
3417 3844 3592 3914 ipsius

2016 3963 2065 4016 ei
2107 3960 2480 4020 detraxerant,
2539 3961 2593 4007 et
2646 3947 2955 4006 simulacris
2995 3941 3230 3998 mortuis
3283 3937 3594 3993 tribuerunt

2019 4051 2286 4107 radicitus
2344 4064 2453 4101 non
2503 4042 2922 4112 exslirpaverit,
2959 4031 3432 4090 evidentissimum
3497 4042 3594 4094 pa-

2021 4146 2221 4203 tientiae
2249 4143 2297 4197 ei
2334 4139 2564 4210 propria:
2586 4140 2801 4202 signum
2825 4132 3190 4187 demonstrat.
3232 4127 3342 4194 Ego
3372 4121 3591 4190 quidem

2019 4241 2132 4293 scio
2162 4235 2406 4306 potuisse
2438 4246 2562 4286 eum
2626 4243 2734 4281 non
2782 4225 2928 4294 pati;
2963 4222 3056 4275 sed
3112 4218 3374 4280 voluisse,
3423 4211 3594 4280 siqui-

343 4333 451 4385 τῶν
484 4334 701 4385 οἰκείων
741 4337 995 4402 πατέρων
1042 4325 1328 4400 πληροῦν*
1376 4327 1642 4380 κάκείνων
1696 4328 1790 4380 ἐπὶ
1821 4327 1909 4379 τὸν

2023 4331 2143 4384 dem
2183 4341 2402 4381 necesse
2431 4332 2552 4376 erat
2577 4321 2843 4386 majorum
2871 4331 3094 4370 suorum
3135 4313 3206 4366 illi
3241 4309 3594 4363 absolverunt

2374 4425 2378 4426 '
2664 4412 2676 4426 ‘
2795 4411 2806 4426 '
2891 4425 2896 4426 γ
2975 4408 2987 4426 Ι
3015 4407 3026 4426 3
3087 4407 3158 4426 LX
3207 4402 3592 4426 -._..nl.nnn.~um

342 4425 450 4478 τῶν
485 4426 778 4496 προφητῶν
814 4426 974 4492 φόνον
998 4425 1162 4493 ὁμόσε
1203 4423 1623 4492 κεχωρηκότων,
1671 4423 1764 4472 ἐπὶ
1819 4420 1914 4474 τὸν

346 4519 574 4580 ἐκείνοις
637 4516 1038 4586 προλεγὸμενον
1096 4513 1270 4585 ἥξειν,
1318 4515 1461 4584 ὅπερ
1523 4514 1708 4566 ἱκανὸν
1759 4512 1914 4565 ἔσται

346 4610 547 4679 πολλὴν
576 4614 690 4670 τοῖς
739 4609 850 4660 τῶν
892 4608 1148 4676 πατέρων
1207 4609 1610 4677 ἁμαρτήμασιν
1672 4609 1914 4674 ἐνεγκεῖν

344 4702 441 4773 τὴν
468 4701 786 4768 ἀπολογίαν.
825 4699 965 4754 Εἱδὲ
994 4701 1152 4753 τοῦτό
1186 4716 1244 4752 τε
1276 4701 1467 4768 γέγονε
1530 4701 1625 4752 καὶ
1678 4700 1743 4753 τὰ
1805 4717 1913 4752 πα-

341 4797 472 4850 λαιά
505 4796 582 4862 τῷ
619 4795 724 4863 νέῳ
769 4792 1084 4862 τολμήματι
1139 4793 1575 4862 συνεισφέρεται,
1605 4791 1780 4846 ἄθλιοι
1816 4792 1914 4861 μὲν

302 4909 307 4914 ί
339 4889 389 4940 οἱ
421 4889 813 4956 γεννήσαντες,
848 4883 942 4936 τοῦ
980 4883 1090 4936 τῶν
1125 4883 1423 4954 προφητῶν
1477 4883 1638 4950 φόνου
1665 4897 1680 4914 ·
1718 4879 1918 4934 ἀθλιώ-

341 4997 489 5051 τεροι
514 4978 572 5032 δὲ
620 4977 722 5040 τῆς
756 4977 1167 5047 χριστοκτονίας
1221 4977 1271 5028 oi
1305 4973 1918 5044 γεννηθέντες.Πονηρὰ

347 5071 446 5140 μὶν
477 5070 640 5139 γὰρὴ
671 5067 862 5137 γνώμη
895 5065 975 5136 τῷ
1031 5064 1196 5129 ἔθνει,
1236 5067 1330 5118 καὶ
1385 5065 1623 5134 μάλιστα
1665 5064 1779 5124 τοῖς
1813 5061 1917 5114 ’τοῦ

345 5162 514 5230 νόμου
549 5160 915 5229 προίστασθαι
950 5152 1668 5226 ἐπαγγελ).ομένοι;.’11γχε
1704 5156 1758 5206 δὲ
1785 5154 1920 5222 μᾶλ-

343 5257 434 5306 λον
462 5254 685 5317 αύτοὺς,
737 5253 821 5304 ὅτι
861 5252 956 5304 τὸν
1019 5251 1250 5319 Σωτῆρα
1284 5249 1382 5317 μὲν
1417 5248 1568 5311 ἀξιον
1602 5247 1792 5300 ἑαυτὸν
1844 5244 1918 5300 ὧν

342 5349 589 5402 ἐδίδασκε
628 5346 940 5416 παρέχοντα
977 5346 1066 5397 διὰ
1099 5347 1320 5397 πάντων
1353 5341 1540 5410 ἐώρων
1569 5357 1582 5370 ·
1622 5341 1834 5402 ἑαυτοῖς
1863 5339 1918 5392 δὲ

344 5441 674 5510 συνείδησαν
729 5441 810 5493 ὅτι
862 5440 1054 5508 πόρρω
1111 5436 1484 5504 πλανωμένοις
1518 5435 1626 5485 τῶν
1679 5432 1917 5500 νομικῶν

341 5534 762 5601 διαταγμάτων.
801 5531 912 5584 Καὶ
953 5531 1060 5600 γὰρ
1089 5529 1293 5592 αὐτοῖς,
1327 5528 1389 5579 τδ
1421 5527 1516 5595 μὲν
1554 5525 1654 5594 βίῳ
1684 5527 1775 5576 καὶ
1800 5525 1918 5594 τρό-

342 5643 466 5689 ποις
506 5625 819 5692 εὐδοκιμεῖν
879 5622 1131 5694 (καὶγὰρ
1165 5621 1254 5673 καὶ
1288 5619 1463 5679 ἄλλως
1500 5619 1784 5682 ἐπίπονον)
1810 5617 1917 5668 ὀλι-

343 5719 550 5788 γωρίας
585 5718 661 5780 ὡς
694 5716 971 5786 ἄχρηστον
994 5712 1236 5784 ἠξιοῦτο.
1277 5711 1468 5763 Πολλοὶ
1497 5709 1553 5762 δὲ
1586 5709 1698 5770 τοῖς
1732 5708 1912 5774 λόγοις

344 5815 438 5866 καὶ
470 5815 591 5875 ταῖς
648 5809 1018 5871 διδασκαλίαις
1067 5806 1284 5878 ῥέοντες
1337 5800 1511 5875 ἦσαν·
1559 5803 1653 5855 καὶ
1685 5800 1791 5871 γὰρ
1823 5799 1916 5854 καὶ

2025 4430 2262 4491 ceptum,
2330 4425 2388 4470 ut
2446 4411 2904 4484 quemadmodum
2975 4407 3030 4460 bi
3087 4407 3158 4458 in‘
3207 4402 3593 4472 prophetarum

2019 4513 2414 4582 conspirarunt
2446 4519 2656 4570 necem,
2684 4505 2757 4556 ita
2786 4502 2885 4571 ipsi
2922 4514 3030 4552 uno
3070 4510 3340 4552 consensu
3374 4506 3595 4561 progre-

2017 4607 2280 4660 derentur
2339 4602 2405 4654 ad
2453 4616 2577 4654 cum
2638 4595 2728 4666 (ιυί
2754 4595 2823 4648 ab
2882 4593 2990 4646 illis
3044 4589 3336 4657 praedictus
3393 4584 3591 4645 fuerat,

2018 4697 2161 4768 quod
2192 4694 2442 4764 profecto
2474 4700 2687 4760 patrum
2749 4685 3074 4742 criminibus
3106 4679 3380 4751 egregium
3431 4682 3595 4746 queat

2026 4790 2227 4845 aliene
2264 4785 2658 4856 patrocinium.
2691 4777 2845 4845 Quod
2871 4777 2914 4830 si
2943 4776 2994 4830 id
3025 4782 3108 4830 est
3139 4773 3369 4832 factum,
3407 4777 3460 4821 ct
3507 4781 3597 4820 ve—

2020 4894 2134 4938 tera
2157 4880 2362 4934 scelera
2403 4892 2546 4931 novo
2586 4874 2938 4929 cumulentur
2962 4884 3123 4931 ausu,
3156 4864 3406 4919 infelices
3444 4868 3595 4920 sunt,

2021 4975 2114 5044 qui
2136 4968 2535 5044 genueruntad
2582 4967 2971 5034 prophetarum
3013 4960 3237 5019 aedem,
3266 4954 3596 5008 infeliciorcs

2021 5043 2113 5136 qui
2145 5043 2316 5136 geniti
2343 5072 2471 5118 sunt
2499 5065 2565 5113 ad
2602 5058 2805 5114 Christi
2869 5055 3278 5108 mactationem.
3325 5047 3461 5100 Mala
3517 5043 3593 5097 illi

2021 5157 2231 5214 nationi
2282 5170 2434 5209 tuens
2485 5161 2568 5207 est
2643 5167 2703 5205 ac
2769 5149 3037 5217 praecipue
3102 5145 3168 5199 iis
3234 5142 3325 5211 qui
3385 5137 3593 5206 legibus

2023 5264 2257 5320 pra-esse
2293 5246 2574 5300 dicuntur.
2603 5242 2713 5295 lloc
2744 5251 2922 5294 autem
2969 5237 3204 5290 maxime
3245 5231 3368 5284 illos
3400 5227 3595 5280 habuit
3675 5264 3690 5278 .

2023 5344 2186 5404 male,
2214 5340 2353 5409 quod
2389 5337 2630 5390 viderent
2684 5334 3026 5386 Servatoretn
3074 5341 3132 5381 se
3180 5325 3400 5392 dignum
3453 5335 3594 5388 prte-

2022 5434 2152 5487 bere
2190 5434 2272 5484 his
2299 5446 2419 5498 qua:
2451 5428 2680 5479 dorebat
2708 5443 2720 5477 :
2755 5439 2874 5477 sese
2905 5435 3032 5474 vero
3060 5418 3162 5472 sibi
3189 5414 3445 5468 conscios
3471 5426 3591 5464 esse

2022 5523 2166 5594 quod
2215 5521 2372 5589 longe
2415 5534 2440 5570 a
2500 5517 2788 5587 prteceptis
2837 5517 3011 5579 legum
3063 5511 3402 5562 aberrat-ent.
3461 5503 3590 5553 Nam

2023 5590 2134 5671 vita
2165 5622 2220 5668 et
2252 5613 2498 5666 moribus
2535 5610 2753 5679 probari
2790 5604 2970 5672 (quod
3003 5600 3203 5668 alioqui
3238 5596 3455 5649 dillicile
3483 5590 3588 5658 εει)

2022 5707 2395 5776 neg'tgendum
2425 5745 2439 5765 ,
2478 5713 2736 5770 tanquam
2794 5697 3017 5760 inutile,
3085 5690 3402 5754 censebant,
3435 5687 3604 5740 multi.

2023 5804 2202 5851 autem
2256 5802 2308 5849 ct
2357 5805 2608 5849 sermone
2656 5797 2716 5845 et
2760 5786 3006 5843 doctrinm
3067 5781 3372 5852 locupletes
3433 5785 3607 5835 erauL
