3996 6202
359 365 501 431 Ῑθῐ3

1273 365 1556 428 onmo
1592 366 1668 425 1N
1694 364 2213 428 SEPULTURAM
2256 364 2326 430 1).
2365 368 2525 433 NsJ.
2564 348 2643 430 c.’

3447 369 3583 435 lxii

352 486 611 554 κέστερον
664 478 732 554 ἦν
790 481 864 552 μὴ
921 478 1167 550 φανῆναι
1205 480 1309 534 τὸν·
1342 482 1494 552 ἥλιον
1539 482 1679 553 ὑπὲρ
1731 478 1925 552 γῆν,ῆ“

2031 484 2179 546 verit,
2218 483 2311 537 sed
2361 493 2557 538 exortu
2614 497 2715 539 suo
2762 482 2902 539 diem
2959 482 3172 540 efliciat.
3209 483 3369 553 Atqui
3412 486 3601 540 multu-

352 577 543 633 τοῦτον
577 576 709 630 Θεὸν
740 575 867 630 ὄντα
903 574 997 627 ὲπί
1022 592 1085 643 γε
1122 573 1317 645 μικρὸν
1351 574 1543 627 ἑαυτὸν
1587 576 1833 644 ἐπισχεῖν
1862 574 1922 626 εὖ

355 668 636 722 ποιοῦντα.

425 844 559 903 Εἶτα
590 847 704 909 πῶς
754 847 814 900 οὐ
848 848 948 916 τῆς
993 845 1226 914 ἐσχάτης
1272 847 1546 911 ἁτοπίας;
1585 846 1633 898 εἰ
1676 844 1769 898 τὶν
1822 845 1925 914 μὲν

354 942 508 1011 ἥλιον
558 940 730 1008 ἡδέως
775 938 938 1006 δρᾶτε
984 937 1086 989 κᾶν
1128 937 1321 1006 σχολὴν
1354 937 1555 1005 ἄγητε⁹
1593 936 1684 988 τὸν
1732 937 1789 988 δὲ
1828 936 1923 989 τοῦ

355 1034 513 1102 ἡλίου
557 1031 826 1099 δεσπῐτην
876 1030 1064 1081 ἐκεῖνα
1107 1027 1409 1096 τηλικαῦτα
1434 1028 1732 1080 τελοῦνταο
1781 1026 1923 1098 ἆττερ

354 1126 506 1196 ἥλιος
544 1125 643 1193 μὲν
695 1122 794 1175 οὐκ
845 1123 912 1175 ἂν
952 1120 1188 1186 δύναιτο,
1237 1120 1537 1190 δυναμένου
1591 1120 1648 1172 δὲ
1696 1120 1925 1188 ἄσμενοι

354 1221 455 1287 τὴν
483 1219 669 1287 δνησιν
719 1214 785 1269 ἂν
818 1213 1142 1282 ὑποδέχεσθε
1170 1229 1183 1243 ·
1216 1212 1384 1282 μηδὲν
1437 1212 1751 1281 ἀνδριάντος
1781 1212 1923 1281 ἀψύ-

356 1326 454 1378 χου
482 1309 761 1375 διαφέρειν
801 1304 1053 1358 κελεύετε
1078 1319 1093 1371 ;
1126 1303 1223 1371 ἄγε
1247 1300 1343 1355 νῦν
1372 1304 1472 1371 ὅρα
1496 1302 1709 1369 τοῦτον,
1735 1306 1783 1357 εί
1820 1322 1926 1373 μη-

356 1400 413 1455 δὲ
443 1400 535 1453 τοῦ
562 1399 830 1468 παρόντος
870 1396 1142 1450 σαϐϐάτου
1170 1395 1399 1464 ἡσυχίαν
1433 1393 1574 1463 ἔγνω
1596 1395 1787 1465 τιμᾷν.
1812 1394 1925 1447 Καὶ

360 1496 468 1564 μὴν
502 1492 564 1546 τὸ
618 1494 775 1561 σῶμα
822 1490 921 1559 μὲν
972 1490 1235 1559 ἀτρεμεῖν
1281 1488 1433 1557 νόμῳ
1479 1487 1695 1556 φύσεως
1742 1483 1926 1540 εἶκον·

340 1588 385 1639 -ὁ
408 1587 463 1639 δὲ
511 1587 592 1638 col.
634 1585 709 1655 μὴ
760 1584 1089 1654 βλεπόμενος
1123 1581 1278 1646 Θεὸς,
1310 1583 1376 1635 τά
1430 1583 1659 1651 μέγιστα
1710 1580 1927 1633 πάντων

2026 572 2196 641 magis
2257 574 2457 627 rationi
2522 584 2947 629 consentaneum
3009 585 3169 631 esset
3198 577 3373 631 solem
3418 592 3584 648 super

2025 677 2224 718 terram
2261 681 2367 719 non
2395 681 2681 735 apparere,
2715 683 2876 735 quam
2907 667 3071 733 hunc,
3098 683 3217 722 cum
3246 669 3385 724 Deus
3407 671 3496 734 sit,
3527 688 3625 726 sere

2025 775 2055 813 a
2091 761 2229 815 bene
2256 760 2505 816 faciendo
2536 763 2837 817 continere.

2096 849 2264 904 Porro
2320 867 2501 907 annon
2554 863 2810 909 extrema:
2865 862 2950 908 est
3002 855 3268 917 vesaniae,
3315 857 3361 911 si
3415 856 3619 911 εοιοιιιη

2025 944 2275 1011 quamvis
2331 944 2505 996 otium
2547 944 2705 1014 agitis
2760 958 2885 998 cum
2934 945 3204 1014 voluptate
3260 946 3619 1013 intuemini,_

2026 1031 2169 1101 quod
2201 1033 2335 1088 solis
2363 1032 2653 1088 Dominum
2682 1036 2770 1090 illa
2802 1045 2909 1089 tam
2946 1038 3141 1090 eximia
3190 1036 3330 1092 facta
3364 1051 3586 1107 patran-

2027 1130 2158 1187 tem,
2189 1124 2367 1193 qualia
2430 1125 2511 1179 sol
2566 1140 2670 1178 non
2724 1137 2922 1195 potest,
2973 1129 3095 1183 etsi
3132 1137 3317 1197 posset
3358 1131 3585 1185 libenter

2028 1215 2374 1267 commodum
2401 1216 2529 1268 illud
2550 1220 2934 1287 acceptaretis,
2958 1218 3092 1272 nihil
3120 1219 3190 1274 ab
3221 1220 3443 1274 inanimi
3480 1232 3586 1275 sta-

2030 1314 2121 1357 tua
2170 1304 2669 1374 diti‘errejubeatis.
2718 1311 2875 1379 Agilo
2930 1327 3096 1376 nunc,
3139 1322 3380 1381 spectate
3419 1314 3585 1377 hunc,

2029 1396 2312 1464 numquid,
2343 1411 2464 1451 cum
2486 1395 2780 1454 Sabbatum
2813 1409 2917 1463 est.
2947 1403 3182 1470 quietem
3219 1403 3400 1457 colere
3432 1404 3585 1457 sciat.

2029 1488 2290 1557 Equidem
2355 1478 2555 1561 corpus
2616 1501 2826 1549 natura:
2895 1493 3009 1563 lege
3066 1477 3347 1563 quiescere
3407 1495 3586 1549 debet.

2034 1581 2086 1634 Is
2153 1582 2243 1649 qui
2298 1597 2325 1635 a
2381 1593 2432 1637 te
2494 1595 2821 1654 conspectus
2881 1600 2985 1639 non
3042 1595 3163 1651 est,
3220 1587 3365 1642 Deus
3427 1600 3587 1655 Opera

357 1684 589 1753 ἐνεργεῖ,
620 1680 711 1733 τὸν
753 1678 885 1749 ᾅδην
940 1677 1169 1744 νεκρῶν,
1226 1678 1318 1729 τὸν
1375 1676 1604 1729 θάνατον
1665 1675 1924 1736 άπολλῦς,

2033 1673 2278 1727 omnium
2305 1676 2541 1730 maxima
2577 1674 2727 1742 facit,
2756 1677 3030 1734 infernum
3062 1678 3130 1733 ad
3186 1679 3468 1734 interitum
3502 1696 3589 1733 re-

355 1773 454 1836 τάς
505 1772 565 1836 ἐξ
612 1771 810 1832 αἰῶνος
858 1771 975 1823 ἐκεῖ
1024 1769 1548 1838 ταλαιπωρουμένας
1585 1767 1764 1837 ψυχὰς
1812 1767 1923 1819 τῶν

357 1865 618 1931 ἁφύκτων
668 1862 887 1929 δεσμῶν
937 1862 1139 1931 ἀφιείς.
1182 1858 1316 1912 Θεοῦ
1374 1860 1482 1929 γάρ
1537 1860 1685 1921 ὅστις
1737 1858 1924 1926 ἀφεῖλε

358 1958 419 2008 τὸ
451 1956 713 2024 ἐνεργεῖν.
752 1953 1071 2019 συναφεῖλεν
1101 1951 1268 2005 αὑτοῦ
1318 1951 1412 2003 κα)⁹
1448 1950 1507 2001 τί,
1545 1945 1706 2003 εἶναι.
1737 1949 1924 2002 Βούλει

361 2046 555 2115 μαθεῖν
580 2047 662 2098 ὅτι
700 2044 931 2112 Χριστὸς
960 2045 1040 2106 εἰς
1073 2041 1202 2113 ᾅδου
1236 2040 1506 2103 καταϐὰς,
1543 2040 1634 2092 τόν
1664 2056 1722 2093 τε
1775 2042 1925 2108 ἰσχυ-

364 2142 455 2209 ρὸν
496 2138 687 2208 ἔδησεν
717 2138 813 2189 καὶ
859 2136 925 2189 τά
960 2136 1127 2205 σκεύη
1162 2134 1355 2187 τούτου
1404 2133 1733 2203 διήρπασεν;
1767 2132 1924 2200 ἄθρει

364 2231 454 2300 μοὶ
502 2229 595 2281 τὸν
636 2228 878 2296 σεισμὸν,
906 2226 1030 2289 τοὺς
1062 2225 1405 2303 στρατιώτας
1448 2222 1749 2285 ὑπνοῦντας
1792 2222 1926 2274 ὡσεὶ

360 2323 616 2393 νεκροὺς,
650 2320 948 2390 σφραγῖδας
989 2316 1479 2379 ἁνεπιόουλεύτους
1514 2313 1802 2384 μενούσας,
1833 2315 1927 2369 καὶ

359 2414 454 2467 τὸν
500 2410 908 2482 φρουρούμενον
962 2408 1255 2460 ἐκλιπόντα
1306 2406 1400 2460 τοῦ
1453 2406 1625 2475 τάφου
1671 2406 1733 2459 τὸ
1763 2406 1929 2475 φρού-

365 2521 499 2574 ριον,
533 2503 628 2556 καὶ
669 2501 761 2553 ἐπὶ
792 2501 1001 2561 τούτοις
1048 2498 1294 2567 ἀγγέλων
1339 2497 1664 2568 παρουσίαν,
1694 2498 1789 2551 καὶ
1834 2498 1927 2551 τὸν

362 2596 510 2649 λίθον
556 2593 648 2647 ὑπ’
681 2592 860 2647 αὐτῶν
894 2591 1235 2645 κυλισθέντα.
1271 2589 1457 2643 Ταῦτά
1499 2607 1581 2643 σοι
1636 2590 1745 2643 τῶν
1790 2591 1927 2659 άφα-

361 2689 467 2742 νῶν
523 2686 663 2741 ἔστω
709 2685 1011 2756 τεκμήρια,
1040 2683 1109 2737 τά
1163 2683 1476 2755 βλεπόμενα
1507 2682 1616 2736 τῶν
1673 2684 1747 2753 μὴ
1791 2685 1929 2751 δρω-

364 2783 541 2853 μένων
571 2779 901 2834 διδάσκαλοι,
935 2778 1010 2833 Οὐ
1042 2777 1152 2848 γάρ
1185 2775 1398 2845 σώματί
1426 2792 1507 2829 σοι
1538 2775 1683 2846 μόνῳ
1714 2777 1772 2828 τὸ
1805 2774 1926 2845 ζῇν,

359 2875 498 2928 ἀλλὰ
527 2875 621 2927 καὶ
660 2874 826 2943 ψυχῇ.
859 2866 937 2924 Ἦ
982 2871 1120 2939 τάχα
1150 2869 1243 2921 καὶ
1262 2867 1442 2938 ψυχὴν
1471 2866 1636 2930 αὐτὸς
1682 2866 1827 2936 ἔχειν
1863 2867 1923 2918 οὐ

361 2964 661 3036 παραδέξῃ,
699 2964 780 3015 ὅτι
824 2962 949 3023 τοὺς
1001 2958 1344 3029 σωματικοὺς
1398 2958 1675 3027 πέφευγεν
1724 2955 1926 3023 ὀφθαλ-

364 3058 497 3130 μούς
521 3075 537 3125 ;
567 3054 738 3112 ταῦτά
768 3071 849 3107 σοι
881 3054 980 3122 τῆς
1012 3053 1164 3121 νίκης
1196 3051 1333 3103 ἔστω
1360 3050 1428 3103 τά
1453 3050 1716 3119 σύμϐολα.
1744 3049 1930 3102 Πάντα

367 3150 601 3222 μεγάλα,
641 3147 816 3202 πάντα
855 3144 1106 3216 λαμπρά,
1149 3143 1457 3212 πανταχόσε
1487 3142 1591 3211 γῆς
1616 3140 1927 3195 διαδοθέντα

361 3246 457 3298 καὶ
504 3240 883 3306 πιστευθέντα,
921 3238 1021 3292 κᾶν
1073 3235 1336 3307 μυριάκις
1380 3234 1540 3295 αὐτὸς
1569 3235 1799 3303 ἁπιστῇς
1825 3250 1838 3265 ·
1866 3234 1927 3287 οῦ

364 3352 447 3389 σοι
475 3332 645 3387 ταῦτα
670 3332 837 3385 πάλαι
873 3324 1182 3400 προτυποῦν
1214 3325 1362 3378 δοκεῖ
1393 3323 1485 3376 τὸν
1520 3324 1725 3394 Μωσῆν
1749 3341 1765 3391 ;
1813 3324 1927 3378 ἀλλ’

362 3430 486 3494 ἐμοὶ
527 3426 695 3479 δοκεῖ.
733 3424 798 3476 Τί
846 3423 954 3492 γάρ
1005 3421 1064 3474 οὐ
1125 3418 1353 3489 μέλλει;
1386 3404 1620 3486 κατῆλθε
1671 3418 1927 3480 κάκεῖνος

362 3523 442 3582 εἰς
496 3518 593 3580 τὴν
640 3519 740 3585 τῆς
791 3515 1068 3584 Αἰγύπτου
1124 3510 1365 3579 σκοτίαν,
1400 3510 1623 3574 πολλαῖς
1682 3512 1777 3563 καὶ
1828 3510 1925 3579 βα-

367 3605 540 3675 ρείαις
567 3603 643 3671 τῷ
673 3603 908 3673 δυνάστῃ
934 3600 1135 3671 Φαραὼ
1181 3601 1416 3668 πληγαῖς
1463 3599 1924 3669 ἐπεστράτευσεν,

366 3694 655 3763 ὑπερέσχε,
697 3692 786 3746 τὸν
826 3693 950 3744 λαὸν
998 3691 1174 3760 ἀφῆκε
1214 3692 1312 3760 τῆς
1345 3689 1683 3759 τυραννίδος,
1717 3690 1925 3759 ἀνήγα-

364 3803 461 3855 γεν
490 3787 718 3851 ἐκεῖθεν,
752 3784 842 3837 τὸν
871 3783 1068 3853 Φαραὼ
1094 3783 1436 3852 πανστρατιᾷ
1465 3780 1614 3852 βυθῷ
1648 3779 1925 3850 θαλάσσης

364 3878 652 3946 παρέθετο.
693 3878 807 3930 Οὐκ
868 3875 1063 3946 ἄδηλον
1111 3875 1184 3938 ὡς
1230 3872 1403 3927 ταῦτα
1459 3875 1568 3927 τῶν
1624 3872 1925 3943 μελλόντων

366 3971 643 4040 ἡγήσαντο
666 3969 846 4023 τύποι.

1954 3006 2001 3071 C

2027 1766 2241 1836 digens,
2273 1777 2502 1822 mortem
2533 1770 2790 1837 perdeus,
2823 1772 3034 1827 animas
3064 1770 3237 1839 illiea
3268 1773 3468 1827 saeculo
3492 1774 3591 1828 mi-

2027 1875 2147 1915 sere
2174 1860 2419 1925 amictas,
2447 1877 2513 1915 ex
2546 1862 2613 1917 iis
2637 1904 2653 1929 ,
2685 1877 2716 1917 e
2745 1864 2941 1932 quibus
2971 1864 3207 1932 effugere
3244 1881 3349 1919 non
3374 1866 3587 1931 licebat,

2027 1953 2259 2007 vinculis
2290 1955 2566 2009 emittens.
2591 1954 2853 2025 Quisquis
2881 1958 3022 2011 enim
3082 1957 3190 2013 Deo
3242 1959 3344 2014 hoc
3408 1958 3588 2013 detra-

2029 2042 2127 2105 hit,
2166 2060 2233 2098 ne
2270 2045 2408 2099 bene
2460 2045 2666 2110 faciat,
2705 2063 2809 2102 una
2836 2049 3094 2117 detrahit,
3131 2064 3198 2104 ne
3220 2051 3292 2106 sit
3337 2051 3587 2105 omnino.

2034 2133 2127 2187 Vis
2159 2135 2484 2204 intelligere,
2516 2139 2660 2208 quod
2699 2139 2953 2195 Christus
2984 2149 3332 2212 posteaquam
3362 2142 3590 2196 descen—

2029 2224 2108 2279 dit
2131 2226 2196 2279 ad
2227 2226 2452 2292 inferos,
2484 2228 2679 2284 fortem
2700 2232 2953 2297 vinxerit,
2982 2242 3033 2286 et
3059 2241 3393 2289 armamenta
3420 2234 3591 2304 ipsius

2029 2316 2350 2384 expilaverit
2390 2337 2403 2374 :
2443 2335 2637 2374 revoca
2671 2322 2723 2375 in
2755 2330 2989 2377 mentem
3025 2330 3183 2378 terra:
3219 2333 3446 2389 motum,
3490 2324 3591 2378 mi-

2031 2406 2151 2463 lites
2203 2423 2397 2465 somno
2441 2412 2666 2467 obrutos
2728 2414 2869 2468 haud
2899 2415 3057 2471 aliter
3102 2431 3263 2485 quam
3324 2427 3590 2476 mortuos.

2031 2497 2208 2567 sigilla
2248 2498 2358 2568 (14)
2419 2501 2489 2555 ab
2529 2501 2745 2558 insidiis
2801 2502 2973 2559 libera
3001 2513 3054 2559 et
3082 2505 3304 2572 intacta,
3331 2520 3455 2560 cum
3500 2508 3591 2576 qui

2030 2590 2336 2645 custodiam
2366 2592 2753 2660 observabant,
2783 2596 3042 2652 excubias
3075 2606 3200 2667 post
3242 2612 3300 2651 se
3334 2598 3592 2667 reliquis-

2029 2691 2190 2736 sent:
2222 2683 2286 2736 ad
2313 2684 2787 2754 haee,angelorum
2816 2687 3255 2754 praesentiam,et
3280 2687 3597 2741 devolutum

2034 2774 2102 2827 ah
2136 2772 2271 2843 ipsis
2330 2774 2580 2844 lapidem.
2613 2774 2738 2832 Haec
2766 2777 2886 2844 tibi,
2921 2791 3111 2832 eorum
3143 2792 3263 2846 quae
3300 2778 3401 2831 sub
3430 2793 3594 2847 aspe-

2032 2874 2120 2919 ctu
2148 2879 2256 2920 non
2291 2866 2516 2932 cadunt,
2536 2868 2737 2938 judicia
2777 2876 2963 2936 sunto,
2989 2868 3102 2924 visa
3125 2868 3425 2924 invisorum
3452 2872 3603 2935 velut,

2033 2958 2303 3028 magistri.
2359 2959 2477 3015 Non
2532 2961 2675 3015 enim
2732 2969 2789 3015 ut
2828 2975 3062 3031 corpore
3114 2960 3351 3027 solum,
3389 2963 3483 3017 sed
3543 2972 3597 3019 et

2014 3061 2222 3115 mente
2252 3053 2424 3118 vivas,
2465 3053 2559 3109 tibi
2603 3055 2789 3110 datum
2828 3060 2935 3123 est,
2955 3053 3059 3110 nisi
3110 3053 3250 3111 forte
3282 3063 3514 3110 mentem
3541 3064 3595 3111 te

2032 3143 2232 3199 habere
2304 3159 2429 3199 non.
2484 3145 2774 3211 admittas,
2824 3146 2969 3216 quod
3030 3160 3095 3203 ea
3161 3148 3351 3220 oculos
3403 3147 3595 3217 fugiat.

2030 3232 2158 3290 Ηιεο
2211 3236 2325 3291 tibi.
2369 3237 2481 3293 sint
2532 3236 2777 3292 victoriae
2834 3238 2988 3308 signa
3017 3276 3034 3304 ,
3083 3237 3266 3294 omnia
3317 3250 3446 3293 sunt
3484 3254 3599 3293 ma-

2030 3328 2271 3398 gnillca,
2329 3329 2515 3384 omnia
2584 3329 2888 3400 praeclara,
2952 3328 3150 3400 ubique
3201 3337 3467 3385 terrarum
3543 3340 3597 3384 et

2031 3420 2229 3475 tradita
2287 3430 2341 3476 et
2407 3422 2648 3488 credita,
2711 3422 3112 3493 quantumlibet
3168 3424 3469 3478 sexcenties
3538 3432 3593 3476 tu

2036 3512 2195 3566 ﬁdem
2255 3512 2502 3581 deroges.
2557 3508 2746 3565 Nonne
2806 3511 2919 3566 haec
2972 3510 3069 3566 tibi
3134 3512 3346 3566 videtur
3406 3511 3594 3581 llguris

2032 3605 2158 3657 olim
2216 3604 2551 3673 expressisse
2612 3602 2824 3673 Moyses
2857 3603 2881 3657 ‘l
2913 3602 3040 3657 Mihi
3100 3604 3290 3675 procul
3321 3604 3485 3658 dubio
3514 3605 3593 3657 vi-

2031 3696 2210 3750 detur.
2258 3694 2399 3760 Quid
2445 3696 2587 3750 enim
2632 3711 2739 3751 non
2787 3697 2915 3765 egit.
2952 3694 3238 3751 Descendit
3301 3707 3353 3750 et
3388 3696 3501 3764 ipse
3539 3695 3590 3748 in

2030 3783 2245 3853 Egypti
2270 3783 2583 3852 caliginem,
2608 3783 2789 3837 multis
2822 3792 2873 3837 et
2905 3784 3162 3852 gravibus
3195 3791 3393 3837 contra
3443 3782 3594 3851 prin—

2029 3874 2203 3943 cipem
2227 3871 2566 3928 Pharaonem
2595 3872 2853 3927 militavit
2877 3872 3148 3939 cladibus,
3178 3875 3475 3943 superat-it,
3499 3890 3595 3942 po.

2032 3962 2218 4033 pulutu
2254 3977 2283 4016 e
2310 3961 2593 4031 tyrannide
2620 3963 2844 4029 exemit,
2863 3971 2916 4016 et
2944 3962 3095 4017 illinc
3119 3962 3327 4018 eduxit.
3362 3963 3617 4043 Pharao-~

367 4087 489 4124 nem
544 4066 707 4119 simul
785 4079 904 4118 cum
958 4062 1215 4118 universo
1264 4060 1509 4116 exercitu
1560 4060 1728 4114 maris
1778 4057 1977 4129 gurgiti
2035 4056 2325 4113 immersit.
2388 4055 2506 4111 Non
2566 4055 2857 4111 obscurum
2907 4063 3028 4120 est,
3077 4058 3191 4111 lucc
3234 4055 3403 4112 fuisse
3457 4073 3594 4127 pra:-

365 4162 618 4218 cedentes
646 4171 832 4214 eorum
866 4170 986 4226 quae
1019 4163 1273 4209 secutura
1306 4162 1479 4217 erant,
1517 4148 1739 4221 figuras.

446 4282 599 4337 Ἐπεὶ
637 4280 720 4342 τίς
767 4280 795 4331 ὁ
847 4273 1049 4329 πείθων
1082 4273 1141 4325 σὲ
1170 4270 1442 4341 τοσαύτην
1469 4271 1655 4332 άπλῶς
1705 4268 1835 4338 περὶ
1862 4266 1921 4319 σὲ

2100 4263 2297 4319 Verum
2367 4261 2491 4331 quis
2563 4270 2647 4316 est
2709 4260 2803 4332 qui
2880 4261 2978 4316 tibi
3075 4263 3348 4332 persuasit
3425 4264 3592 4320 Deum

360 4377 452 4429 τὸν
484 4365 974 4435 Θεὸννὲνδεδεῖχθαι
1004 4363 1279 4432 σπουδήν;
1326 4360 1418 4414 τὸν
1460 4360 1795 4428 γογγυστὴν,
1836 4358 1928 4409 τὸν

362 4469 679 4539 ἀχάριστον,
710 4463 768 4514 δν
815 4459 932 4531 ⁴ᾔδει
970 4456 1155 4526 σαφῶς
1182 4451 1345 4507 αὑτοῦ
1397 4452 1499 4523 μὲν
1536 4451 1657 4504 καθ’
1690 4451 1929 4519 ἑκάστην

362 4557 862 4627 ἀποσκιρτήσαντα,
892 4548 1360 4619 προσχωρήσαντα
1398 4544 1453 4596 δὲ
1487 4544 1597 4604 τοῖς
1629 4540 1930 4611 βδελύγμα-

366 4670 471 4705 σιν.
519 4647 663 4715 Ἐγὼ
709 4641 1039 4710 πολλαχόθεν
1080 4636 1349 4701 ἐξετάζων
1402 4636 1494 4687 καὶ
1541 4632 1929 4699 πολυπραγμο-

363 4746 491 4803 νῶν,
517 4740 587 4791 τί
622 4737 719 4806 τῆς
768 4736 867 4803 σῆς
915 4731 1165 4799 ἀγεννίαε
1207 4731 1300 4782 καὶ
1350 4724 1699 4796 μικρολογίας
1743 4724 1925 4793 χεῖρον

362 4831 429 4884 ἂν
477 4829 718 4898 εὕροιμι,
752 4824 1089 4892 πανταχόθεν
1137 4822 1339 4889 ἄπορος
1386 4819 1627 4887 γίνομαι.
1682 4818 1756 4869 Τὸ
1794 4815 1926 4884 γάρ,

360 4923 412 4978 ἃ.
448 4924 514 4977 ἄν
568 4936 652 4982 τις
706 4914 909 4987 ηὔξατο
966 4914 1240 4982 γενέσθαι,
1286 4913 1497 4972 τούτοις
1559 4909 1793 4978 παροῦσι
1852 4907 1927 4977 μὴ

362 5015 757 5087 προσδραμεῖν,
799 5010 890 5063 καὶ
915 5009 1147 5079 ἡσθῆναι
1200 5004 1583 5074 περιχυθέντα,
1608 5002 1704 5054 καὶ
1750 4998 1925 5052 ταῦτα

364 5109 501 5178 μήτε
531 5107 693 5159 πόνου
726 5103 861 5174 μήτε
893 5100 1136 5168 δαπάνης
1170 5096 1418 5166 ἐμποδὼν
1451 5093 1771 5161 ἱσταμένης,
1797 5090 1926 5159 λέγε

365 5202 455 5269 μοὶ
507 5198 571 5251 σὺ
620 5197 765 5257 τίνος
816 5194 878 5246 οὑ
922 5184 1196 5262 χεῖρον,ὧ
1230 5187 1391 5256 μέχρι
1443 5183 1645 5245 παντὸς
1695 5183 1917 5251 ἐπέχειν

359 5293 456 5347 καὶ
493 5289 568 5359 μὴ
612 5285 893 5340 πιστεύειν
942 5286 1007 5354 τῇ
1044 5280 1274 5350 ἀληθείᾳ
1321 5275 1645 5347 βουλόμενε;
1682 5272 1733 5325 τί
1779 5271 1824 5325 δ’
1860 5271 1927 5324 ἂν

363 5384 570 5455 βέλτιον
624 5378 810 5443 εὔξαιο
870 5375 1061 5429 τούτου
1109 5389 1190 5425 σοι
1240 5367 1492 5437 γενέσθαι
1546 5364 1713 5431 ποτέ;
1767 5364 1926 5434 ἦτίς

360 5473 750 5542 ὲπαγγελεῖται
782 5469 866 5522 σο)⁸
905 5466 1169 5537 μείζονα;
1200 5461 1363 5515 πόθεν
1400 5457 1588 5527 ἑτέρου
1626 5472 1712 5508 σοι
1746 5455 1926 5524 κρείτ-

359 5583 511 5629 τονος
564 5562 796 5633 εὐπορία
826 5558 986 5625 Θεοῦ,
1022 5554 1097 5629 μὴ
1128 5553 1318 5609 τούτου
1350 5550 1568 5620 τυχόντι
1592 5563 1609 5615 ;
1658 5547 1712 5601 τί
1742 5548 1925 5617 χεῖρον

2032 4366 2239 4412 tantum
2302 4355 2535 4410 subiisse
2566 4353 2804 4409 studium
2853 4362 3070 4424 propter
3125 4365 3177 4411 te
3230 4356 3591 4426 solummodo,

2032 4459 2484 4504 murmuratorem
2529 4456 2602 4512 te,
2654 4447 2946 4516 ingratum,
2985 4464 3142 4518 quem
3169 4458 3353 4518 aperte
3383 4451 3512 4506 vidit
3542 4451 3593 4505 iu

2031 4541 2145 4595 dies
2197 4555 2225 4592 a
2259 4555 2318 4593 se
2356 4539 2684 4599 desciscere,
2716 4546 2768 4592 et
2820 4537 2886 4592 ad
2921 4540 3217 4608 nequitiam
3258 4542 3596 4609 procedere?

2030 4632 2145 4701 Ego
2195 4630 2437 4700 profecto
2490 4630 2546 4684 in
2580 4629 2765 4685 multis
2797 4630 2961 4685 rebus
2988 4628 3260 4699 vestigans
3283 4641 3335 4686 et
3365 4648 3597 4687 ntevcon~

2030 4722 2242 4786 ﬂcirns,
2296 4721 2439 4792 quod
2504 4729 2596 4775 tua
2674 4722 2940 4791 degenere
3013 4722 3330 4793 indignitate
3389 4726 3593 4793 possim

2034 4814 2277 4868 invenire
2358 4813 2598 4869 deterius
2660 4814 2904 4882 undique
2966 4814 3248 4870 destituor.
3300 4814 3396 4870 llis
3452 4819 3593 4872 enim

2028 4920 2149 4974 qua!
2204 4905 2465 4960 obvenire
2509 4903 2615 4959 sibi
2673 4907 3039 4976 quisoptarit,
3071 4908 3431 4975 praisentihus
3482 4910 3597 4960 aui-

2031 5014 2178 5050 mum
2249 4999 2664 5056 accommodare
2704 5010 2760 5053 et
2796 5000 2986 5054 iisdem
3040 5000 3144 5053 frui
3191 5000 3402 5055 alfatim'
3456 5003 3597 5054 nolle

2032 5089 2341 5160 (praecipue
2408 5107 2531 5143 cum
2588 5092 2796 5161 absque
2856 5092 3042 5146 labore
3088 5102 3141 5146 et
3200 5092 3318 5147 sine
3376 5102 3594 5159 Stllttpltt

2030 5184 2143 5237 tieri
2192 5182 2562 5253 possit),iqua
2614 5184 3027 5255 pravitate(dic
3080 5192 3137 5238 tu
3202 5184 3358 5249 mihi,
3388 5198 3593 5252 quaeso,

2030 5276 2123 5346 qui
2149 5286 2403 5344 perpetuo
2444 5276 2739 5341 detrectas,
2769 5288 2823 5331 et
2852 5276 3091 5346 profiteri
3130 5276 3405 5329 veritatem
3440 5288 3594 5327 recu‘

2030 5370 2158 5434 sas)
2194 5382 2313 5421 non,
2369 5368 2475 5424 erit
2541 5370 2790 5439 pravius?
2846 5369 2987 5436 Quid
3042 5380 3221 5423 autem
3261 5367 3597 5422 desiderave-

2030 5457 2105 5510 ris
2136 5459 2238 5512 ltac
2264 5474 2320 5513 re
2360 5459 2709 5515 tibievenire
2743 5461 2955 5525 melius,
2993 5469 3086 5513 aut
3109 5459 3232 5529 quis
3264 5459 3359 5512 tibi
3391 5458 3594 5528 majora

2030 5549 2353 5604 aununtiare
2398 5559 2603 5618 posset,
2646 5551 2729 5607 vel
2776 5550 2917 5606 unde
2965 5550 3065 5605 tibi
3117 5549 3450 5606 commodior
3502 5550 3595 5604 Dei

434 5730 544 5796 (ιι)
578 5714 1617 5795 llisobsignaricuraveratsepnlcrum
1637 5708 1900 5775 Herodes,
1942 5719 2015 5764 ne
2079 5706 2328 5777 discipuli
2388 5708 2471 5779 (ut
2531 5709 2647 5781 ipse
2712 5707 3057 5779 opinabatur)
3095 5722 3295 5779 corpus
3349 5706 3619 5763 sulfura.»

366 5811 577 5857 rentur.
