3996 6202
276 283 417 357 1ii17
1294 287 1703 349 ENCOMIUM
1742 288 1846 347 SS.
1883 288 1904 347 Ι

1972 287 2117 347 LTRi
2147 286 2243 348 ET
2274 287 2527 351 PAULI.
2602 292 2603 295 “
3414 288 3552 359 1018

468 437 1880 473 W

1136 437 3547 480 Mm“

766 633 1580 776 ΜΑΞΙΜΟΥ
1660 644 2010 776 ΤΟΥ
2088 645 3047 783 ΠΑΑΝΟΥΔΗ

1626 885 1762 973 ΕΓ
1767 884 2219 973 ΚΩΜΙΟΝ

558 1070 670 1124 ΕΙΣ
699 1067 881 1122 ΤΟΥΣ
908 1068 1176 1135 ΔΙἸΟΥΣ,
1209 1068 1590 1138 ΕΝΔΟΞΟΥΣ,
1626 1071 2153 1128 ΠΑΝΕΥΦΗΜΟΥΣ
2183 1074 2304 1127 ΚΑΙ
2338 1075 2783 1131 ΚΟΡΥΦΑΙΟΥΣ
2808 1079 3269 1135 ΑΠΟΣΤΟΛΟΥΣ

1059 1241 1682 1360 ΠΕΤΡΟΝ
1741 1244 2027 1358 ΚΑΙ
2086 1241 2769 1368 ΠΑΥΛΟΝ.

911 1667 1705 1826 MAXIMI
1854 1614 2917 1831 PLANUDZE

442 2179 525 2241 ΙΝ
601 2177 932 2242 SANCTOS
968 2177 1065 2241 ET
1102 2176 1301 2240 OMNI
1336 2172 1609 2240 iLAUDE
1665 2178 2283 2252 PROSEQUENDOS
2330 2181 2898 2248 APOSTOLORUM
2935 2185 3409 2250 CORYPHEEOS

1126 2378 1718 2493 PETRUM
1799 2377 1982 2489 ET
2077 2380 2700 2495 PAULUM.

289 2603 459 2675 (lianc
490 2600 927 2677 prolixissiman}
970 2599 1280 2677 homiliam,
1311 2609 1531 2677 propter
1572 2597 2086 2677 codicisﬁdefectum
2135 2599 2363 2656 dimidio
2406 2602 3061 2677 decurtatamb'ediderat
3095 2607 3406 2677 Gretserus,
3454 2613 3557 2668 sub

356 2675 574 2727 nomine
602 2670 847 2743 Gregorii
878 2669 1134 2741 Nysscni,
1174 2669 1490 2743 lngolsmdii
1513 2684 1668 2743 anno
1704 2669 1879 2743 1620.
1908 2669 2133 2743 integra
2168 2688 2313 2743 nunc
2340 2674 2524 2743 prodit
2574 2688 2637 2727 ex
2671 2675 2857 2730 codice
2885 2676 3221 2735 Coisliniano
3254 2669 3413 2743 “87'.
3456 2685 3556 2738 ad-

357 2745 468 2797 dita
505 2740 954 2810 interpretatione
986 2752 1175 2796 nostra
1208 2754 1383 2810 usque
1411 2741 1478 2795 ad
1512 2741 1695 2794 locum
1730 2742 1873 2794 unde
1905 2740 2098 2795 incioit
2128 2741 2296 2798 editio
2324 2742 2593 2799 Gretscri.
2627 2744 2790 2801 EDIT.
2825 2746 2997 2806 Pun.

365 3064 574 3131 Ἐδόκει
597 3080 689 3133 μοι
716 3062 978 3131 λέγειντι
1004 3061 1136 3134 περὶ
1159 3061 1273 3117 τῶν
1303 3064 1622 3118 ἀποστόλων
1651 3062 1858 3136 προθυ-
1889 3079 1904 3126 Α

2040 3064 2337 3121 Videbatur
2374 3067 2545 3137 mihi,
2581 3069 2788 3141 aliquid
2824 3074 2890 3130 de
2936 3074 3198 3144 apostolis
3228 3074 3412 3131 dicere
3458 3090 3558 3147 ag-

284 3158 536 3229 μουμὲνῳ
588 3156 755 3226 μηδὲν
784 3150 925 3208 εἶναι
976 3155 1141 3207 πόνου
1197 3155 1398 3208 πολλοῦ
1459 3158 1693 3226 πρᾶγμα
1731 3156 1867 3226 μηδέ

1975 3160 2265 3229 gredienti,
2311 3176 2419 3215 non
2462 3163 2643 3232 magni
2674 3163 2728 3218 id
2777 3180 2900 3221 esse
2942 3167 3166 3235 laboris,
3201 3184 3379 3239 neque
3414 3170 3558 3226 diili-

282 3249 517 3322 χαλεπὸν
563 3249 906 3319 ἐγχειρῆσαι,
960 3246 1053 3299 καί
1100 3246 1168 3315 μέ
1210 3265 1295 3311 τις
1328 3247 1488 3316 λόγος
1537 3248 1697 3301 τοῦτο
1732 3252 1870 3312 τέως

1973 3255 2078 3307 cile
2123 3267 2429 3319 conamen;
2476 3266 2527 3309 et
2580 3256 2714 3310 milii
2748 3258 2889 3313 ratio
2941 3261 3196 3329 quaedam
3235 3262 3411 3318 suasit
3442 3279 3555 3318 non

283 3347 571 3401 ἀνέπειθεν
616 3345 693 3408 ὼς
742 3346 843 3397 οὐκ
888 3342 1053 3397 ἔστιν·
1088 3344 1320 3413 ἀπορεῖν
1370 3346 1500 3415 περὶ
1528 3346 1651 3398 ὅτου
1684 3362 1768 3407 τις
1801 3344 1869 3399 ἂν

1975 3344 2085 3397 fieri
2145 3360 2305 3413 posse
2356 3355 2417 3399 ut
2462 3346 2588 3416 quis
2635 3346 2876 3418 indigeat
2931 3353 3163 3405 materia
3203 3353 3453 3422 loquendi
3488 3355 3556 3410 de

281 3439 391 3494 τῶν
422 3438 795 3492 ἀποστολικῶν
838 3437 990 3506 λέγοι
1028 3437 1482 3507 κατορθωμάτων
1507 3439 1603 3492 καὶ
1634 3439 1764 3509 περὶ
1802 3433 1869 3509 ἧς

283 3530 464 3584 αὐτῶν
493 3530 741 3601 χάριτος,
767 3529 956 3600 ὥσπερ
980 3530 1102 3582 οὐδὲ
1131 3529 1326 3591 νυκτὸς
1358 3528 1596 3597 φέγγους
1619 3530 1870 3601 ἀστέρων

284 3624 642 3694 διαμαρτεῖν
698 3624 795 3675 καὶ
838 3622 1000 3675 τοῦτο
1036 3623 1147 3693 γὰρ
1178 3621 1604 3691 ὑπεμίμνησκεν
1635 3623 1756 3675 ὅποι
1785 3639 1870 3686 τις

290 3714 477 3768 ἀπίδοι
507 3712 600 3767 τοῦ
626 3712 884 3781 οὐρανοῦ,
918 3712 1014 3766 καὶ
1053 3714 1345 3781 προσεῖχον
1382 3712 1557 3781 ήδὲως
1593 3711 1672 3782 τῷ
1699 3711 1867 3780 λόγῳ,

285 3808 385 3879 τὴν
447 3807 767 3877 ἐγχείρησιν
829 3806 895 3859 ἐκ
939 3806 1033 3859 τοῦ
1084 3806 1288 3877 ῥᾴστου
1342 3823 1435 3874 μοι
1486 3806 1869 3877 προχωρήσειν

287 3903 557 3972 οἰόμενος,
585 3901 666 3953 ὅτι
696 3900 828 3970 μηδὲ
849 3900 1018 3970 χείρω
1039 3898 1171 3962 ἴσως
1195 3901 1251 3951 ὲν
1274 3901 1389 3962 τοῖς
1412 3899 1676 3960 τοιούτοις
1701 3915 1871 3967 προσ.

287 3995 452 4066 δοκᾷν
501 3996 611 4050 αἰεὶ
654 3993 723 4047 τὰ
777 3994 973 4063 βελτίω
1012 3994 1106 4047 καὶ
1141 3994 1202 4046 τὸ
1237 3993 1375 4046 πολὺ
1406 3993 1507 4062 τῆς
1557 3994 1751 4062 ῥοπῆς,
1800 3995 1867 4063 τῇ

288 4087 435 4157 ψυχῇ
464 4087 649 4157 νέμειν
668 4085 941 4149 ἐντεῦθεν,
964 4085 997 4156 ἢ
1023 4086 1084 4139 τό
1112 4102 1175 4155 γε
1198 4086 1397 4155 ἀληθὲς
1419 4087 1597 4138 εἰπεῖν
1622 4085 1866 4155 σύμπαν,

290 4178 479 4250 ἐπειδὴ
536 4178 774 4248 ἐμαυτὸν
846 4178 1173 4248 προσάγειν,
1243 4179 1359 4241 τοῖς
1438 4178 1549 4231 τῶν
1612 4177 1869 4247 μεγάλων

290 4271 529 4335 ἐπαίνοις
587 4272 616 4323 ὁ
673 4271 970 4340 προσήκων
1027 4270 1221 4335 καιρὸς
1287 4269 1506 4338 ἐνέστη,
1540 4270 1633 4322 καὶ
1683 4268 1754 4323 τά
1803 4284 1867 4335 γε

1972 3437 2355 3502 apostolorum
2396 3438 2659 3505 praeclare
2690 3439 2854 3494 factis
2880 3452 2972 3494 aut
2999 3442 3067 3497 de
3099 3444 3318 3499 illorum
3348 3448 3556 3517 gratia,

1973 3527 2117 3581 sicut
2157 3543 2333 3596 neque
2391 3528 2459 3583 de
2516 3541 2922 3586 nocturnorum
2956 3533 3198 3588 siderum
3248 3537 3551 3605 splendore

1973 3617 2189 3672 dicendi
2221 3620 2442 3674 occasio
2469 3621 2655 3688 deest;
2705 3638 2828 3676 nam
2859 3623 2930 3679 ob
2953 3625 3145 3679 oculos
3171 3635 3254 3681 est
3281 3627 3334 3681 in
3356 3644 3554 3698 quam-

1973 3725 2191 3779 cunque
2246 3713 2372 3766 caeli
2440 3722 2653 3783 partem
2720 3715 3034 3785 suspicias;
3095 3717 3260 3789 igitur
3319 3721 3555 3778 libenter

1974 3818 2283 3857 sermonem
2320 3804 2598 3871 inchoavi,
2640 3807 2923 3864 conﬁdens
2972 3808 3104 3864 mihi
3165 3812 3551 3869 tractationem

1975 3895 2232 3951 facillime
2288 3913 2697 3964 successuram,
2748 3899 2879 3969 quia
2923 3916 3204 3971 nunquam
3238 3901 3393 3972 pejus
3442 3901 3556 3957 for-

1975 3990 2137 4045 lassis
2172 3990 2226 4043 in
2257 3990 2531 4047 similibus
2568 3992 2753 4058 rebus,
2789 3993 2884 4047 sed
2916 4008 3135 4063 semper
3166 3995 3393 4050 meliora
3423 4011 3553 4065 spe-

1972 4096 2096 4137 rare
2125 4091 2177 4137 et
2218 4083 2518 4137 maximum
2546 4083 2677 4138 hinc
2706 4084 2893 4138 animo
2932 4085 3223 4155 impulsum
3254 4086 3549 4157 impertiri,

1972 4172 2040 4226 ad
2075 4186 2266 4227 verum
2299 4188 2462 4229 omne
2495 4175 2816 4230 dicendum.
2874 4175 3013 4230 Cum
3063 4179 3248 4248 itaque
3308 4194 3555 4249 praesens

1972 4267 2194 4320 occasio
2226 4266 2374 4320 venit
2403 4281 2510 4335 qua
2552 4268 2619 4320 ad
2642 4267 3010 4322 laudationem
3047 4283 3375 4338 magnorum
3408 4273 3556 4325 viro-

290 4362 481 4432 πρῶτα
525 4364 625 4431 τῆς
674 4362 854 4416 αὐτῶν
905 4360 1185 4433 εὐφημίας
1227 4357 1295 4428 ἦν
1332 4363 1392 4413 ὲν
1434 4363 1645 4432 χερσὶν,
1697 4363 1725 4415 ὁ
1768 4362 1868 4429 μὲν

1978 4374 2095 4411 rum
2151 4360 2475 4425 adducerer,
2518 4368 2573 4413 et
2620 4358 2732 4429 jam
2788 4360 2841 4414 in
2901 4376 2967 4414 eo
3023 4357 3201 4416 esscin
3264 4370 3324 4417 ut
3358 4363 3554 4420 laudes

283 4455 491 4509 πείθων
536 4455 692 4524 λόγος
728 4455 879 4523 ἡμᾶς
936 4431 1146 4517 ἐκεῖνος
1198 4431 1619 4524 ἀληθὴς,νεῖπερ
1668 4453 1861 4507 ἄλλοτε
1899 4432 1904 4485 ί

1972 4465 2162 4504 eorum
2198 4451 2522 4520 inciperem,
2560 4450 2701 4505 ratio
2733 4450 2825 4504 illa
2866 4465 3022 4517 vera,
3056 4451 3103 4507 si
3132 4467 3381 4522 unquam
3411 4455 3552 4511 alias

286 4548 381 4600 καὶ
412 4547 577 4601 πάλιν
609 4547 841 4618 προσῄει
866 4547 962 4600 καὶ
994 4546 1226 4617 ἀφθονία
1254 4547 1426 4617 πολλὴ
1468 4549 1598 4617 περὶ
1619 4548 1743 4599 ὅτου
1780 4562 1867 4610 τις

1969 4541 2169 4608 adfuit,
2202 4550 2258 4596 et
2316 4558 2513 4612 magna
2566 4542 2904 4597 abundantia
2966 4543 3439 4612 disserendorum,
3498 4559 3559 4603 et

283 4638 351 4695 ἂν
380 4640 567 4706 διεξίοι
618 4638 672 4692 τι
715 4640 825 4709 μὴν
873 4638 1082 4692 τούτων
1124 4638 1276 4705 ἄξιον
1332 4639 1537 4702 λέγειν,
1568 4638 1663 4690 καὶ
1719 4639 1868 4699 ὅπως

1972 4634 2245 4705 quomodo
2302 4633 2559 4689 laudibus
2615 4634 2693 4688 uti
2748 4644 2998 4704 oporteat
3032 4634 3344 4692 admonuit.
3410 4639 3552 4694 Illud

281 4733 397 4792 τοῖς
430 4732 678 4793 ἐπαίνοις
727 4732 1018 4801 χρηστέον.
1056 4730 1227 4784 Τοῦτο
1260 4730 1317 4783 δὲ
1362 4729 1422 4783 οὗ
1437 4748 1518 4783 πω
1552 4730 1660 4782 τῶν
1696 4730 1863 4781 εὐπο-

283 4840 393 4894 ρων
416 4824 688 4891 ἐφαίνετο,
727 4822 844 4875 ἀλλ’
884 4819 1120 4878 ἐνταῦθα
1153 4825 1247 4877 καὶ
1283 4822 1487 4893 μᾶλλον
1531 4823 1639 4875 τῶν
1688 4837 1855 4891 προσο

280 4918 522 4987 ηκόντων
564 4916 759 4985 λόγων,
797 4917 1094 4980 ἐπεκράτει
1140 4917 1205 4989 δὴ
1258 4917 1475 4983 σπάνις,
1518 4915 1647 4968 ἔνθα
1693 4900 1873 4985 συχνᾶ

281 5009 576 5079 προῦκειτο
627 5010 697 5064 τὰ
758 5009 898 5081 πρὸς
952 5009 1179 5073 τούτους
1242 5008 1706 5080 παρακαλοῦντα,
1769 5010 1863 5062 καὶ

279 5101 438 5156 τοῦτό
476 5120 566 5171 μοι
609 5101 752 5156 δοκῶ
798 5103 1131 5155 πεπονθέναι
1168 5098 1408 5172 ἀνάγκη.
1443 5103 1519 5155 Οὐ
1569 5101 1679 5171 γὰρ
1712 5100 1855 5167 ἴσης,

279 5194 379 5246 οὐκ
437 5192 560 5262 ἴσης
612 5192 751 5259 πρὸς
789 5193 959 5263 ἄμφω
1014 5195 1096 5246 δεῖ
1146 5196 1244 5264 τῆς
1298 5193 1610 5263 δυνάμεως,
1639 5193 1863 5246 ἐπειδὰν

279 5284 492 5337 πολλῶν
536 5286 725 5349 ἁπλῶς
776 5286 987 5350 ἕνεκεν,
1021 5287 1115 5339 καὶ
1156 5282 1317 5349 αὖθις
1367 5284 1585 5338 πολλῶν
1619 5286 1714 5338 καὶ
1765 5302 1865 5355 με-

276 5378 462 5447 γάλων
492 5376 624 5451 ἐπίῃ
652 5377 762 5430 τινὶ
800 5381 866 5448 τῇ
898 5378 1010 5445 ἕξει
1046 5378 1287 5449 χρῆσθαι
1316 5375 1424 5430 τῶν
1451 5376 1650 5445 λόγων,
1675 5375 1865 5448 ὥσπερ

276 5471 402 5523 οὐδέ
466 5470 564 5541 τὴν
617 5470 793 5539 αὐτὴν
830 5471 1010 5533 εἴποις
1064 5471 1131 5523 ἂν
1175 5469 1478 5540 ἐμπειρίαν
1528 5468 1622 5521 καὶ
1676 5468 1871 5538 ῥώμην

276 5562 511 5631 ὀφείλειν
539 5562 604 5616 ἐκ
649 5561 763 5615 τῶν
817 5564 1140 5630 ἀναγκαίων
1182 5564 1473 5631 προσεῖναι
1502 5560 1581 5628 τῷ
1621 5576 1681 5612 τε
1729 5558 1868 5631 πρὸς

277 5655 509 5718 πολλοὺς
557 5648 743 5722 ἅπλῶς
788 5657 1144 5728 ἀποδυομένῳ
1180 5658 1272 5710 7.7.".
1330 5656 1387 5719 ὃς
1446 5652 1660 5717 mihi;
1718 5653 1855 5724 ὁμοῦ
1901 5655 1996 5709 καὶ
2045 5652 2319 5721 γενναίοις

276 5770 451 5822 χεται.

1969 4740 2096 4779 vero
2126 4740 2235 4781 non
2276 4724 2440 4780 facile
2495 4726 2818 4793 videbatur;
2872 4728 2969 4783 sed
3006 4726 3099 4783 hic
3157 4729 3343 4799 potius
3383 4747 3553 4801 quam

1980 4819 2364 4874 convenientia
2399 4820 2566 4874 verba
2605 4819 2856 4885 deerant,
2888 4820 2980 4875 ubi
3015 4820 3323 4891 frequentia
3374 4833 3552 4880 mate-

1973 4911 2178 4964 riarum
2225 4910 2618 4966 dominabatur
2661 4928 2677 4967 ε
2714 4919 2768 4966 et
2823 4910 2959 4966 illud
3015 4913 3152 4967 mihi
3204 4928 3271 4969 ex
3308 4914 3551 4984 quadam

1971 5001 2303 5059 necessitate
2343 5004 2614 5059 accidisse
2657 5003 2897 5058 videtur.
2931 5004 3051 5059 Non
3099 5004 3247 5060 enim
3299 5006 3550 5061 eamdem

1970 5096 2083 5149 vim
2133 5094 2201 5149 de
2256 5094 2470 5151 duobus
2521 5095 2727 5150 dicenti
2778 5094 2976 5150 adesse
3011 5102 3254 5168 oportet,
3306 5113 3431 5152 cum
3485 5096 3555 5149 de

1973 5187 2166 5242 multis
2197 5188 2523 5257 simpliciter
2548 5198 2604 5243 et
2629 5188 2697 5243 de
2718 5189 2905 5243 multis
2928 5189 3173 5259 pleniore
3199 5205 3294 5245 ore
3319 5188 3556 5258 loquen-

1970 5281 2099 5337 dum
2128 5288 2231 5336 est.
2271 5278 2442 5335 Sicuti
2474 5296 2584 5335 non
2635 5280 2884 5336 eamdem
2936 5282 3140 5337 dixeris
3195 5283 3449 5352 peritiam
3488 5290 3545 5335 et

1971 5373 2079 5430 vim
2138 5381 2395 5441 oportere
2445 5373 2630 5427 inesse
2688 5371 2768 5426 illi
2825 5372 2919 5442 qui
2960 5372 3292 5443 simpliciter
3342 5371 3559 5427 multos

1971 5462 2274 5533 alloquitur
2307 5472 2362 5520 et
2394 5462 2471 5518 illi
2524 5461 2620 5533 qui
2667 5462 2736 5517 ad
2770 5462 2972 5519 multos
3011 5462 3178 5519 simul
3213 5470 3270 5518 et
3309 5461 3561 5518 illustres

1973 5559 2139 5612 verba
2177 5556 2330 5611 facit.
2374 5548 2393 5559 ”

2402 5651 2510 5705 τῶν
2565 5649 2873 5705 ἀντιπάλων
2925 5650 3004 5711 εἰς
3058 5647 3377 5717 συμπλοκὰς
3460 5646 3558 5709 ξομ·
