3996 6202
463 270 600 341 Ῑθίθ
1128 282 1135 293 ‘
1698 271 1982 334 MAXISH
2022 273 2397 335 PLANUDAE
3562 278 3703 341 1020

533 386 589 438 ει
645 398 775 452 ergo
814 390 1027 450 npmlt'l
1095 382 1304 434 Veniam
1366 381 1575 450 precari
1628 390 1682 434 et
1737 383 2015 450 propriam
2050 397 2094 445 Α

2195 381 2255 432 Εἰ
2286 380 2466 432 τοίνυν
2494 379 2575 432 δεῖ
2602 382 2990 449 παραιτεῖσθαι
3019 385 3114 436 καὶ
3160 385 3571 454 μνημονεύοντα
3600 406 3701 455 της

468 476 840 531 inﬁrmitatem
868 483 1217 528 aceusautem
1269 476 1432 528 verba
1465 476 1663 538 facere,
1700 489 1875 542 neque
1920 488 2022 541 ego

2127 473 2334 535 οἰκείας
2380 472 2666 534 ἀσθενείας
2700 474 2985 541 προσιέναι
3013 477 3123 536 τοῖς
3162 475 3365 542 λόγοις,
3399 476 3507 529 οὐδ’
3536 480 3705 540 αὐτὸς

470 570 627 621 aliter
672 566 871 635 cogito,
931 581 1105 634 neque
1140 566 1271 619 mihi
1314 565 1517 618 suadeo
1582 565 1790 632 majora
1858 578 2022 633 quam

2126 562 2299 622 ἄλλως
2328 562 2360 629 ἢ
2393 562 2533 613 κατὰ
2549 561 2721 613 ταῦτα
2751 562 3035 632 λογίζομαι
3059 564 3169 617 οὐδ’
3198 565 3385 636 ἕτερόν
3413 584 3468 618 τι
3498 567 3704 635 χρῆναι

465 657 643 711 ezeteri
678 674 871 711 omnes
901 659 1087 711 conari
1120 650 1309 711 licere.
1336 657 1437 711 Sed
1476 658 1630 710 video
1646 656 2022 710 sufﬁcientem

2132 654 2580 723 προχειρίσασθαι
2610 656 2716 724 πρὸ
2741 657 2960 717 πάντων
2978 658 3214 725 ἐμαυτὸν
3246 658 3441 711 πείθω.
3482 658 3629 728 Ὀρῶ
3657 659 3710 711 δ’

467 749 600 803 tnibi
637 752 1047 803 excuSationem
1077 765 1140 801 es
1176 736 1282 802 illis
1314 750 1404 817 qui
1455 750 1607 816 prius
1640 748 1841 801 similia
1875 763 2026 802 com-

2132 745 2320 811 ἱκανήν
2344 761 2433 813 μοι
2454 746 2604 814 παρὰ
2626 746 2733 799 τῶν
2754 746 2989 814 πρόσθεν
3012 748 3093 810 είς
3109 748 3176 801 τά
3198 748 3421 802 τοιαῦτα
3447 749 3710 803 καθεικό-

464 840 733 894 miserunt
772 849 968 907 prmsto
994 855 1114 893 esse
1150 841 1307 907 plane
1333 854 1651 908 congruam.
1684 838 1815 905 Quze
1853 840 2023 910 igitur

2130 851 2235 887 των
2257 835 2482 897 ἑαυτοὺς
2516 836 2613 903 τὴν
2645 836 2976 905 παραίτησιν
3006 840 3291 905 γεγονυῖαν
3325 840 3419 891 καὶ
3445 841 3708 910 ἀποχρῶν

466 930 693 983 cuilibet
729 931 944 984 illorum
983 931 1075 999 qui
1134 932 1270 983 alios
1320 930 1539 984 laudare
1596 941 1770 983 ratum
1819 930 2029 984 habue—

2131 920 2269 977 εἷναί
2304 942 2392 993 μοι
2424 924 2572 977 δοκεῖ
2603 925 2662 977 τὸ
2693 927 2749 991 ἐξ
2790 926 3033 981 ἐκείνων.
3086 930 3154 980 Ἀ
3185 929 3314 997 γοῦν
3344 932 3563 1001 ἑκάστῳ
3593 932 3706 984 τῶν

469 1030 600 1075 runt
631 1000 816 1077 dicen-ti
836 1023 1055 1085 accidit,
1088 1022 1307 1091 quando
1335 1037 1434 1092 pro
1456 1022 1652 1091 seipsis
1674 1023 1724 1073 in
1755 1036 2027 1075 certamen

2131 1017 2373 1069 ἐπαινεῖν
2405 1017 2598 1082 ἀλλους
2629 1020 3047 1088 ἐνστησαμὲνων
3078 1021 3215 1091 ὑπὲρ
3249 1022 3459 1075 ἐαυτῶν
3490 1024 3575 1084 είς
3603 1022 3702 1074 τὸν

471 1112 900 1175 descenderunt,
949 1121 1004 1166 et
1037 1129 1098 1167 ea
1136 1112 1339 1167 abillis
1382 1128 1481 1181 pro
1540 1129 1621 1164 me
1673 1113 1815 1166 dicta
1868 1115 2027 1166 velim

2132 1107 2319 1174 ἀγῶνα
2338 1109 2767 1162 καταὸαινόντων
2789 1112 2963 1162 εἰπεῖν
2986 1109 3260 1174 ἐξεγένετο
3279 1115 3373 1165 καὶ
3401 1114 3544 1181 ὑπὲρ
3566 1112 3705 1182 ἐμοῦ

468 1205 649 1253 omnia
671 1201 841 1256 fuisse
874 1204 1003 1255 ntibi
1040 1203 1290 1256 videtur:
1318 1212 1371 1256 et
1400 1204 1538 1257 idem
1574 1206 1787 1258 rmteris
1809 1220 2030 1273 quoque

2130 1196 2279 1247 τούτέ
2297 1212 2343 1257 ις
2392 1196 2640 1264 εἰρῆσθαι
2690 1197 2870 1250 πάντα
2911 1198 3084 1264 δοκῶ,
3129 1203 3369 1264 καὶτοῖς
3418 1202 3599 1263 ἄλλοις
3635 1204 3707 1271 δὴ

470 1292 743 1345 videatur.
771 1291 824 1344 Si
850 1293 975 1361 quis
1005 1293 1150 1345 enim
1178 1293 1410 1361 aliquem
1456 1293 1785 1345 laudandum
1811 1309 2031 1348 assum-

2136 1285 2472 1340 συνδοκείτω.
2506 1286 2564 1337 Ei
2592 1288 2698 1356 γάρ
2726 1288 2982 1341 ἑκάστοτέ
3009 1306 3092 1353 τις
3124 1287 3256 1360 ὓλην
3285 1292 3581 1360 ἐγκωμίων
3601 1294 3708 1345 ἕνα

472 1385 668 1451 pserit,
703 1399 809 1436 nou
875 1385 1177 1436 absurdum
1217 1393 1369 1453 putat
1429 1385 1472 1437 si
1524 1384 1701 1453 majus
1757 1400 1853 1451 pro
1913 1385 2031 1438 suis

2136 1376 2479 1445 ποιούμενος,
2525 1378 2714 1431 ἔπειτα
2740 1380 2840 1433 οὐκ
2886 1381 3085 1434 ἄτοπον
3124 1384 3337 1452 ἡγεῖται
3376 1384 3625 1451 μείζονος
3670 1386 3709 1455 ἢ

470 1475 677 1529 viribus
708 1490 843 1543 opus
878 1490 1194 1545 aggressum
1230 1490 1289 1529 se
1326 1474 1582 1537 fateatur,
1611 1476 1886 1543 quomodo
1918 1490 2028 1529 non

2141 1468 2255 1519 καθ’
2303 1469 2465 1521 αὑτὸν
2517 1470 2828 1535 ὑποθέσεως
2869 1474 3151 1542 ὁμολογεῖν
3198 1475 3485 1539 ἅπτεσθαι,
3540 1479 3719 1531 πόθεν

471 1566 853 1633 opportunitas
908 1582 1052 1620 nunc
1116 1565 1273 1620 nobis
1316 1577 1467 1620 esset
1526 1566 1627 1619 hoc
1677 1581 1894 1635 quoque
1948 1567 2032 1619 di-

2142 1559 2235 1609 οὐκ
2268 1560 2332 1611 ἂν
2386 1558 2543 1611 τοῦτο
2596 1563 2785 1631 καιρὶς
2822 1563 2912 1632 εἴη
2949 1565 3045 1615 καὶ
3088 1565 3255 1618 τανῦν
3290 1567 3568 1633 λέγεσθαι,
3613 1570 3720 1620 καὶ

474 1656 654 1721 cendi,
690 1665 743 1709 et
797 1658 970 1723 magis
1025 1672 1188 1724 quam
1234 1657 1485 1711 caeteris?
1538 1655 1653 1711 Duo
1701 1658 1843 1709 enim
1888 1657 2033 1711 inter

2144 1649 2341 1716 μᾶλλον
2383 1649 2493 1703 τῶν
2542 1651 2756 1718 ἀλλων;
2814 1654 2956 1717 Δυάς
3006 1655 3115 1727 γάρ
3168 1659 3201 1727 ὴ
3264 1660 3363 1726 τῆς
3406 1660 3722 1723 δωδεκαδος

475 1746 764 1802 duodecim
800 1745 999 1801 Christi
1045 1747 1341 1816 discipulos
1370 1748 1556 1802 selecti
1584 1757 1752 1813 snnt;
1803 1757 1856 1801 et
1886 1763 2037 1816 quae-

2144 1740 2557 1809 προκεκριμένη
2620 1740 2729 1793 τῶν
2783 1743 3023 1812 Χριστοῦ
3077 1747 3335 1817 μαθητιῖην
3388 1749 3550 1816 ἔργον
3616 1756 3722 1802 καί

473 1841 613 1895 ritur
672 1851 851 1895 utrum
896 1858 1083 1895 eormn
1147 1842 1421 1911 praecipue
1469 1843 1836 1898 laudabimus.
1896 1842 2030 1897 Cre-

2148 1829 2394 1897 5τ.ότερον
2420 1832 2685 1900 πρότερον
2712 1832 2918 1886 τούτων
2939 1835 3183 1888 ἐπαινεῖν
3206 1839 3551 1890 ἀπολαϐόντα
3576 1841 3726 1909 πρὸς

473 1934 546 1985 do
594 1942 794 1995 tamen,
852 1933 896 1987 si
952 1942 1188 1986 nostram
1234 1950 1452 2002 quoque
1506 1935 1749 2002 ipsorum
1811 1940 2031 1988 senten-

2148 1919 2413 1988 εὐφημίαν
2447 1921 2542 1973 νῦν
2574 1925 2883 1990 πρόκειται.
2916 1921 3084 1994 Οἶμαι
3112 1928 3209 1995 μέν
3235 1926 3328 1981 οῦν
3357 1931 3406 1982 εί
3434 1929 3496 1998 δή
3528 1948 3580 1982 τι
3604 1934 3726 2000 χρὴ

477 2024 608 2076 liam
661 2023 846 2078 dicere
902 2032 1160 2092 Oportet,
1217 2024 1427 2077 nullum
1473 2038 1598 2079 esse
1648 2024 1789 2077 inter
1842 2037 2033 2077 omnes

2140 2013 2234 2064 καὶ
2278 2012 2337 2065 τὸ
2375 2013 2641 2083 ἡμέτερον
2695 2016 2873 2069 αὐτῶν
2914 2018 3094 2086 λέγειν
3150 2020 3277 2089 μηδ’
3325 2020 3392 2073 ἂν
3440 2021 3542 2074 ἕνα
3596 2025 3718 2076 τῶν

473 2114 591 2181 qui,
648 2127 773 2167 cum
806 2113 1038 2167 audierit
1091 2113 1205 2167 fore
1249 2122 1307 2166 ιιι
1340 2113 1532 2167 Petrus
1573 2122 1628 2167 et
1674 2112 1878 2167 Paulus
1920 2112 2036 2166 lau-

2142 2102 2369 2157 ἀπάντω
2389 2121 2416 2155 ν
2456 2101 2613 2171 εἶναι,
2645 2104 2703 2167 ὃς
2730 2107 2938 2175 Πέτρον
2977 2110 3071 2161 καὶ
3106 2111 3309 2164 Παῦλον
3341 2115 3714 2186 ἐπαινεθησο-

473 2206 691 2267 dentur,
756 2219 862 2255 nun
927 2203 1089 2270 plane
1138 2200 1321 2255 videat
1391 2203 1729 2256 laudatorem
1796 2201 2034 2256 maximo

2145 2196 2335 2263 μένους
2366 2197 2607 2260 ἀκούσας
2650 2198 2724 2268 μὴ
2756 2200 2835 2270 τῷ
2875 2201 3121 2271 μεγίστῳ
3150 2203 3258 2256 τῶν
3282 2205 3721 2276 ἐγχειρημάτων

473 2292 624 2359 operi
664 2306 784 2345 sese
834 2290 1162 2344 accinxisse.
1222 2291 1472 2343 Attamen
1527 2300 1580 2343 et
1622 2289 1852 2345 fortasse
1893 2288 2035 2343 dicet

2143 2287 2332 2339 ἐαυτὸν
2380 2287 2767 2343 ἐπιδεδωκέναι
2826 2291 2917 2344 τὸν
2975 2293 3270 2363 ἐπαινέτην
3322 2298 3721 2364 ἀπφανείται,

477 2383 786 2450 inspirasse
810 2380 973 2435 alicui
1010 2381 1075 2434 de
1107 2396 1207 2434 suo
1231 2395 1420 2433 amore
1457 2382 1761 2449 apostolos,
1803 2390 1859 2434 ut
1889 2380 2035 2450 quod

2145 2377 2320 2430 καίτοι
2370 2378 2463 2430 καὶ
2498 2378 2743 2432 τοιοῦτον
2777 2381 2900 2450 ἐρεῖ
2936 2381 3013 2444 ὡς
3055 2384 3163 2454 ἄρα
3207 2387 3316 2438 τινὶ
3353 2388 3453 2457 τῆς
3494 2390 3723 2446 ἑαυτῶν

478 2473 588 2526 illis
625 2488 839 2542 semper
874 2470 1132 2542 Magister
1166 2471 1571 2538 celebrabatur,
1632 2488 1691 2526 se
1718 2473 1868 2542 ipsos
1902 2488 2039 2526 con-

2149 2468 2365 2538 ἀγάπης
2396 2469 2729 2523 ἐνέπνευσαν
2776 2474 2873 2526 καὶ
2903 2474 2998 2527 νῦν
3037 2477 3085 2528 οῖ
3125 2477 3434 2543 ἀπόστολοι,
3462 2482 3543 2544 ὡς
3569 2485 3727 2554 ὅπερ

476 2573 659 2618 sortes
703 2564 860 2633 quasi
920 2564 1033 2617 fore
1072 2564 1283 2619 illorum
1315 2566 1404 2633 qui
1433 2564 1592 2617 verba
1634 2564 1893 2618 facerent.
1928 2562 2037 2618 Sed

2151 2554 2211 2630 ἣν
2261 2561 2447 2624 αὐτοῖς
2504 2561 2802 2626 διαπαντὸς
2841 2567 2868 2617 ό
2908 2566 3240 2632 Διδάσκαλος
3266 2570 3729 2643 εὐφημούμενος,

477 2655 586 2710 nisi
637 2656 821 2725 plures
850 2655 1081 2725 apostoli
1123 2656 1528 2725 suppetiissent
1574 2654 1752 2709 fontes
1785 2654 2036 2721 laudum,

2157 2650 2305 2703 τοῦτο
2339 2654 2433 2706 καὶ
2459 2652 2682 2716 τούτους
2712 2654 2829 2707 νυνὶ
2867 2655 2956 2709 διὰ
2989 2658 3049 2709 τὸ
3087 2659 3252 2713 αὑτὸν
3281 2663 3357 2733 τῷ
3400 2664 3511 2716 τῶν
3538 2667 3735 2735 λόγων

480 2746 594 2799 licri
629 2757 777 2800 certe
836 2754 1050 2815 poterat
1103 2758 1164 2799 ut
1216 2746 1305 2801 ille
1367 2747 1462 2815 qui
1516 2746 1751 2801 dicendo
1801 2746 2036 2799 multum

2152 2740 2433 2811 ἁπτομένῳ
2459 2742 2732 2810 γενέσθαι.
2776 2746 2921 2799 Ἀλλ’
2971 2750 3021 2801 εί
3054 2750 3153 2819 μὲν
3213 2752 3289 2823 μὴ
3348 2755 3610 2819 πλείστας
3670 2762 3730 2813 οῖ

479 2838 729 2906 polleret,
763 2837 945 2892 dicere
996 2847 1052 2890 ut
1092 2837 1318 2906 gloriam
1352 2837 1666 2905 acquireret
1709 2835 1989 2891 videretur
2021 2853 2036 2901 ;

2159 2834 2433 2886 ἱπόστολοι
2458 2838 2716 2905 παρεῖχον
2750 2838 3005 2908 ἀφορμὰς
3033 2843 3328 2912 ἐγκωμίων
3358 2847 3483 2913 ἐνῆν
3509 2847 3737 2917 δήπου-

482 2945 630 2984 nunc
660 2944 788 2982 vero
850 2938 958 2982 tam
1014 2943 1339 2984 munerosas
1394 2940 1447 2983 et
1498 2928 1636 2984 alias
1686 2944 1854 2999 super
1902 2929 2042 2983 alias

2153 2922 2237 2977 θεν
2270 2927 2359 2976 τὸν
2391 2927 2449 2977 ἐν
2492 2924 2669 2992 λόγοις
2703 2927 2870 2981 πολλα
2916 2929 3195 2998 δυνηθέντ’
3234 2932 3302 2986 ἂν
3346 2935 3523 2988 εἰπεῖν
3560 2939 3731 2991 εὐδο-

483 3022 674 3085 babes,
704 3030 762 3074 ut
785 3020 1085 3074 timendum
1113 3021 1206 3082 sit,
1246 3037 1311 3074 ne
1338 3020 1701 3090 quodcunque
1728 3022 1851 3089 quis
1871 3021 2035 3085 dicat,

2150 3015 2332 3083 κῖμεῖν
2362 3014 2545 3078 δόξαι·
2592 3018 2711 3070 νυνὶ
2756 3017 2803 3070 δ’
2848 3017 2990 3071 οὕτω
3016 3020 3238 3084 πολλαῖς
3271 3025 3366 3077 καὶ
3407 3026 3596 3090 ἄλλαις
3632 3030 3728 3081 ἐπ’

483 3112 619 3167 nihil
657 3120 839 3165 tamen
867 3111 1075 3167 dixisse
1105 3084 1378 3175 videatur,
1414 3119 1510 3165 aut
1567 3084 1699 3166 illud
1741 3084 1883 3166 idem
1918 3126 2040 3181 pas-

2156 3105 2329 3169 ὶλλαις
2375 3107 2723 3176 ἐντυγχάνειν
2772 3109 2951 3161 ἐστιν·
2986 3111 3127 3164 ὥστε
3180 3113 3299 3178 δέος
3343 3117 3446 3169 κᾶν
3491 3121 3734 3175 ὁσονοῦν

482 3222 603 3259 smn
667 3203 861 3270 fuisse,
907 3206 1050 3275 quod
1092 3212 1145 3260 et
1186 3205 1329 3275 ignis
1384 3206 1637 3275 exiguus,
1679 3203 1796 3272 qui,
1858 3205 2029 3258 multo

2158 3200 2275 3268 είπῃ
2298 3215 2381 3261 τις
2415 3201 2578 3269 μηδὲν
2606 3199 2891 3271 είρηκέναι
2924 3201 3101 3258 δοκεῖν
3133 3205 3165 3274 ἢ
3200 3206 3419 3261 κάκεῖνο
3444 3212 3682 3278 παθεῖν,
3707 3216 3736 3269 δ

481 3295 631 3364 ligno
672 3295 950 3363 imposito,
974 3294 1362 3364 exstinguitur.
1386 3294 1529 3365 Ergo
1560 3310 1664 3349 non
1698 3295 2041 3350 solummodo

2154 3291 2238 3341 καὶ
2266 3290 2374 3359 πῦρ
2407 3290 2609 3357 ὀλίγον,
2638 3291 2667 3344 δ
2695 3293 2892 3363 πολλῆς
2918 3293 3052 3365 ῦλης
3086 3298 3426 3369 ἐπιτεθείσης
3452 3302 3732 3376 ἐσϐέσθη.

481 3389 611 3457 quia
649 3387 814 3440 multa
858 3386 928 3441 de
982 3386 1167 3442 multis
1217 3387 1399 3441 dicere
1445 3387 1746 3458 oportebit,
1776 3402 2034 3457 magnum

2154 3381 2253 3432 Καὶ
2282 3380 2412 3449 γοῦν
2462 3382 2520 3433 οὐ
2579 3383 2738 3450 μόνον
2769 3384 2850 3435 ὅτι
2898 3384 3068 3437 πολλά
3106 3390 3231 3453 περὶ
3270 3387 3482 3441 πολλῶν
3526 3391 3732 3460 δεήσει

482 3486 831 3547 comparatur
862 3489 1161 3540 certamen,
1181 3485 1235 3531 et
1267 3478 1525 3543 arduum,
1558 3478 1652 3533 sed
1680 3480 1807 3547 quia
1842 3492 2041 3547 magna

2157 3469 2343 3535 λέγειν,
2374 3470 2517 3537 μέγα
2546 3472 2863 3524 συνίσταται
2890 3473 2950 3524 τὸ
2976 3474 3284 3544 ἀγώνισμα,
3314 3481 3406 3529 καὶ
3428 3482 3530 3551 οὐξι
3552 3484 3735 3536 531:3-

483 3584 799 3638 tnagnorum
833 3582 1031 3632 causa;
1075 3583 1250 3637 neque
1278 3568 1365 3622 ille
1395 3568 1485 3638 qui
1540 3569 1745 3635 multis,
1779 3584 1885 3623 non
1915 3582 2042 3623 vero

2155 3559 2233 3619 τές
2288 3559 2503 3623 ἀνῦσαι,
2538 3562 2653 3614 ἀλλ’
2697 3564 2778 3616 ὃτι
2825 3563 2923 3615 καὶ
2964 3566 3178 3635 μεγαλα
3222 3570 3474 3636 μεγαλων
3505 3574 3733 3641 ἕνεκεν,

484 3659 696 3730 magnis
728 3660 816 3712 hic
849 3660 1029 3713 verbis
1059 3668 1307 3712 uteretur
1366 3675 1540 3729 neque
1577 3660 1662 3714 his
1717 3660 2039 3729 contrariis,

2155 3650 2219 3712 Lb;
2253 3649 2378 3703 οὔτε
2406 3652 2498 3705 τὸν
2526 3652 2740 3717 πολλοῖς
2772 3655 2869 3725 μὲν
2892 3656 2967 3727 μὴ
2998 3658 3256 3725 μεγάλοις
3280 3660 3337 3712 δὲ
3368 3668 3733 3735 κεχρημένον

482 3750 653 3803 videri
681 3756 865 3817 posset
902 3749 1259 3817 apostolicam
1319 3748 1659 3817 majestatem
1698 3766 1765 3805 ex
1823 3752 1889 3807 iis
1923 3769 2045 3822 quae.

2144 3741 2396 3795 ἐνταυθοῖ
2443 3743 2620 3811 λόγοις
2654 3742 2776 3797 οὔτε
2830 3748 3095 3800 τάναντία
3132 3750 3337 3805 τούτων
3366 3754 3597 3811 δυνατὸν
3651 3758 3722 3812 ὃν

483 3839 618 3891 llunt
651 3837 704 3889 in
736 3837 911 3890 lucem
959 3835 1218 3890 edidisse.
1274 3834 1424 3889 Multi
1479 3848 1625 3890 certe
1684 3838 1897 3892 illorum
1951 3840 2043 3908 qui

2152 3832 2242 3902 τὴν
2290 3836 2655 3904 ἀποστολικὴν
2705 3837 3079 3908 ἐνδειξάμενον
3135 3842 3202 3893 ἐκ
3239 3843 3349 3897 τῶν
3405 3850 3730 3917 γινομένων

484 3928 700 3997 aliquos
731 3927 953 3980 laudare
982 3935 1155 3979 ratum
1198 3926 1529 3990 habuerunt,
1561 3928 1671 3981 sive
1702 3927 1905 3996 aliquid
1937 3930 2043 3985 illis

2152 3925 2299 3989 ἀξίαν
2342 3927 2597 3997 φανῆναι.
2635 3928 2824 3982 Πολλοί
2869 3947 2933 3998 γε
2988 3932 3097 4003 μὴν
3128 3932 3237 3986 τῶν
3260 3936 3506 3989 ἐπαινεῖν
3560 3957 3730 4005 τινας

486 4018 585 4087 qui
644 4018 939 4072 laudantur
973 4016 1199 4086 dignum
1273 4016 1561 4083 habentes,
1623 4033 1731 4072 non
1781 4019 2043 4073 desinunt

2156 4016 2219 4078 ὥς
2245 4017 2312 4069 τὰ
2335 4017 2505 4071 πολλὰ
2543 4019 2896 4088 προθεμένων
2929 4021 3040 4074 εἴτε
3067 4039 3120 4075 τι
3144 4026 3251 4086 τοῖς
3277 4025 3734 4096 εὐφημουμένοις

483 4112 551 4163 ile
580 4107 768 4162 eodem
804 4106 965 4177 longa
1005 4120 1148 4175 saepe
1190 4115 1541 4168 connectere,
1571 4106 1687 4161 sive
1733 4109 1868 4162 nihil
1927 4110 2047 4163 lau-

2153 4106 2204 4159 ἐν
2238 4106 2368 4175 γοῦν
2403 4108 2553 4175 ἄξιον
2600 4110 2776 4163 εἰπεῖν
2827 4112 2920 4164 καὶ
2971 4111 3249 4181 θαυμάσαι
3285 4116 3587 4185 συνίσασιν,
3619 4124 3731 4175 οὐκ

382 4226 383 4229 η
485 4200 665 4254 dabile
698 4197 924 4263 vident;
959 4205 1137 4250 tamen
1192 4208 1245 4249 et
1298 4196 1441 4264 quod
1489 4207 1684 4267 praeter
1732 4199 1952 4267 opinion

2154 4199 2474 4267 ἀφίστανται
2507 4201 2761 4270 περὶτοῦ
2811 4201 2975 4256 αὐτοῦ
3008 4207 3201 4274 μακρά
3246 4207 3505 4272 πολλάκις
3541 4216 3732 4268 συνεί-

485 4290 724 4352 dicatur,
781 4288 1010 4341 nihilum
1072 4285 1297 4340 laudare
1344 4300 1450 4339 non
1505 4286 1860 4351 erubescunt,
1899 4288 2040 4342 idem

2150 4304 2352 4356 ροντες,
2382 4290 2490 4343 εἴτε
2529 4288 2696 4360 μηδὲν
2737 4291 2846 4344 τῶν
2874 4294 3177 4348 ἐπαινετῶν
3207 4297 3527 4367 βλέπουσιν,
3565 4304 3727 4371 ὅμως

488 4392 712 4447 prorsus
751 4375 1013 4429 facientes
1055 4386 1117 4425 ac
1166 4372 1210 4425 si
1271 4372 1416 4440 quis,
1466 4372 1598 4424 nihil
1652 4373 1860 4427 habens
1896 4377 2039 4444 quod

2151 4380 2198 4430 εἰ
2227 4381 2320 4431 καὶ
2348 4381 2650 4451 παράδοξον
2693 4382 2889 4449 εἰπεῖν,
2919 4386 3290 4455 ἐγκωμιάζειν
3324 4391 3383 4442 τὸ
3416 4395 3585 4461 μηδὲν
3618 4400 3726 4451 οὐκ

487 4467 757 4525 ostendat.
792 4465 947 4518 diviti
998 4473 1373 4533 paupertatem
1410 4464 1586 4532 ipsam
1644 4465 1695 4518 in
1729 4466 2043 4520 divitiarum

2149 4468 2366 4523 ὀκνοῦσι
2397 4474 2780 4543 παραπλήσιόν
2811 4494 2864 4530 τι
2898 4478 3199 4545 ποιοῦντες,
3232 4480 3421 4552 ὥσπερ
3452 4484 3520 4535 ἂν
3547 4488 3602 4537 εῐ
3632 4505 3720 4551 τις

485 4556 1003 4613 demonstrationem
1054 4560 1218 4621 ponat
1264 4552 1315 4604 in
1353 4551 1612 4617 medium,
1646 4563 1700 4608 et
1729 4554 1932 4623 aliquid
1970 4554 2048 4609 fa-

2147 4562 2373 4629 ἀπορῶν
2400 4562 2809 4620 ἐπιδείκνυσθαι
2832 4568 3049 4639 πλούτῳ
3080 4570 3252 4641 αὐτὴν
3281 4572 3378 4640 τὴν
3411 4575 3606 4629 πενίαν
3641 4582 3723 4642 εἰς

488 4664 614 4704 cere
671 4647 991 4701 arbitretur.
1049 4642 1181 4696 Mihi
1224 4654 1401 4695 autem
1438 4652 1583 4698 tanta
1618 4661 1679 4698 ac
1738 4648 1866 4699 talia
1920 4657 2047 4702 sunt

2148 4652 2409 4717 ἐπίδειξιν
2438 4656 2670 4708 πλούτου
2701 4659 2871 4721 τιθεὶς
2898 4664 2976 4723 εἰς
3013 4663 3200 4730 μέσον,
3229 4663 3395 4717 οἴοιτό
3430 4682 3485 4719 τι
3514 4672 3716 4728 ποιεῖν,

491 4758 613 4812 quae
647 4739 713 4793 de
755 4735 1020 4805 apostolis
1074 4734 1370 4799 celebrem,
1413 4745 1471 4787 ut
1506 4746 1557 4787 et
1590 4738 1857 4805 vertigine
1893 4738 2042 4791 labo-

2160 4740 2315 4809 Ἐμοὶ
2334 4742 2390 4795 δὲ
2417 4745 2607 4798 τοσάδε
2624 4746 2719 4799 καὶ
2739 4750 2919 4802 τοιάδε
2939 4752 3251 4805 ἀποστόλων
3278 4756 3540 4825 πάρεστιν
3557 4759 3717 4812 ἐπαι-

490 4847 601 4886 rein
651 4844 774 4884 cum
829 4841 1016 4881 earum
1065 4826 1285 4879 laudum
1336 4826 1735 4881 multitudinem
1793 4830 2044 4898 inspicio.

2148 4834 2262 4884 νεῖν
2285 4831 2424 4886 ὥστε
2454 4836 2547 4886 καὶ
2583 4836 2819 4909 ίλιγγιᾷν
2862 4841 3133 4910 ἐνορῶντα
3180 4844 3257 4913 τῷ
3290 4846 3485 4916 πλήθει
3518 4849 3624 4901 κᾶν
3660 4850 3718 4902 ἐν

490 4924 558 4978 Ει
599 4923 667 4987 si,
717 4937 840 4976 cum
890 4932 1163 4988 praasnmo
1217 4920 1472 4971 virtutem
1523 4935 1710 4972 eorum
1743 4923 2045 4986 celebrare,

2148 4922 2211 4987 γέ
2243 4939 2294 4974 τι
2328 4922 2531 4976 τούτων
2560 4926 2847 4981 ἀπολαϐὼν
2879 4929 2950 4991 ὡς
2989 4932 3262 5002 ὑμνητέον
3304 4938 3420 4988 ἐστὶ
3454 4937 3714 5001 διεξέλθω

488 5015 839 5087 perlustrem,
871 5007 1002 5063 illud
1035 5009 1283 5063 sufficere
1314 5019 1366 5059 nt
1399 5009 1690 5062 laudentur
1726 5026 1823 5079 pro
1862 5012 2047 5068 multis

2149 5012 2292 5065 τοῦτ’
2324 5016 2511 5086 ἀρκεῖν
2544 5019 2624 5080 εἰς
2652 5019 2927 5090 εὐφημίαν
2971 5025 3091 5077 ἀντὶ
3134 5026 3347 5081 πολλῶν
3376 5029 3541 5095 δόξει,
3571 5032 3623 5083 εί
3652 5031 3716 5101 δὴ

488 5105 787 5167 videbitur,
817 5100 1039 5155 laudare
1071 5114 1406 5153 summorum
1461 5106 1638 5163 actus,
1687 5109 1742 5154 et
1799 5114 2048 5172 superest

2149 5104 2256 5155 τῶν
2284 5105 2543 5160 ἀνωτάτω
2571 5107 2631 5161 τὸ
2664 5109 2846 5178 ἔργον,
2897 5114 2987 5165 καὶ
3039 5113 3334 5181 πρόσεστιν
3363 5117 3392 5170 ὁ
3420 5117 3583 5180 πόθος
3627 5100 3721 5189 pt-

489 5192 1125 5259 desiderimn,exigtms,
1161 5190 1347 5253 credo,
1390 5193 1569 5243 omnis
1622 5202 1916 5260 praatextus
1966 5195 2047 5248 vi-

2150 5195 2287 5263 κραν
2312 5195 2377 5249 ἂν
2420 5190 2575 5265 οἶμαι
2628 5200 2807 5254 πᾶσαν
2856 5207 3019 5255 παντὶ
3049 5205 3286 5273 φανῆναι
3320 5207 3593 5276 πρόφασιν
3640 5212 3716 5281 μὴ

488 5288 731 5349 debitor,
791 5299 895 5337 non
955 5281 1124 5335 veni:e
1181 5280 1405 5349 dignum
1480 5282 1663 5335 statim
1717 5284 2043 5349 existimari,

2148 5287 2269 5354 οὐχ).
2295 5290 2625 5359 συγγνώμης
2665 5290 2825 5355 εὐθὺς
2860 5292 3066 5359 ἀξιοῦν,
3096 5296 3151 5348 εῖ
3175 5314 3227 5349 τι
3266 5298 3340 5366 μὴ
3363 5298 3458 5351 τοῦ
3504 5280 3722 5365 δέοντος

490 5381 537 5436 si
579 5379 709 5448 quid
756 5390 860 5428 non
920 5375 1062 5442 quod
1111 5383 1359 5439 oporteat
1438 5386 1788 5439 consecutus,
1843 5377 2045 5431 audere

2149 5378 2535 5450 ἐφικνοῦμενος
2568 5383 2772 5454 τολμᾷν
2799 5385 3055 5457 μᾶλλονῆ
3090 5388 3262 5455 φιλεῖν
3284 5390 3440 5453 δόξω.
3484 5392 3707 5459 Ἔγωγε

491 5468 667 5538 magis
688 5481 849 5536 quam
886 5479 1070 5516 amare
1108 5464 1291 5515 videar
1345 5462 1729 5532 Equidemme
1769 5465 1885 5534 ipse
1926 5483 2048 5536 pro-

2154 5472 2260 5540 μὴν
2298 5472 2586 5542 ἀπήγαγον
2642 5476 2881 5545 ἐμαυτὸν
2925 5477 3014 5532 διὰ
3051 5478 3224 5534 ταῦτα
3273 5482 3368 5534 τοῦ
3405 5482 3567 5549 λόγου
3601 5484 3711 5537 κᾶν

493 5559 743 5611 bibebam
774 5556 858 5609 his
895 5555 958 5607 de
980 5555 1165 5608 causis
1187 5556 1316 5622 quin
1365 5556 1623 5620 dicerem,
1659 5566 1712 5609 et
1742 5558 1906 5611 silere
1938 5574 2047 5611 me-

2150 5561 2371 5632 εἱλόμην
2406 5566 2587 5635 σιγᾷν,
2634 5567 2895 5621 ἐδόκειδέ
2943 5572 3077 5634 τέως
3110 5572 3293 5625 ἄδικον
3321 5574 3371 5624 εῖ
3426 5591 3510 5637 τις
3546 5574 3718 5644 μηδὲν

494 5647 602 5701 lius
656 5655 814 5701 erat:
850 5645 942 5698 sed
1007 5644 1296 5699 videbatur
1344 5644 1605 5713 injustum
1665 5646 1709 5700 si
1746 5648 1871 5715 quis
1904 5650 2039 5704 nihil

2151 5652 2277 5707 ἄλλο
2311 5652 2451 5722 πλὴν
2480 5655 2670 5725 λόγους
2701 5657 2863 5728 ἔχων,
2894 5661 3083 5716 ἔπειτα
3109 5663 3293 5731 λέγειν
3325 5664 3720 5733 βουλομένους,
