3996 6202
267 286 398 353 1021

1182 317 1189 323 ’
1268 298 1668 359 ENL‘HMIUM
1714 301 1814 366 SS.
1864 302 2082 364 PETRI
2126 305 2217 363 ET
2260 308 2511 368 PAULI.

3361 312 3501 378 1022

260 399 387 461 τοὺς
440 397 534 451 τοῦ
570 397 731 466 λόγου
785 398 1029 467 μαθη;ά;
1068 416 1123 452 τε
1164 402 1258 453 καὶ
1315 404 1595 470 ὑπηρέτας
1657 422 1831 472 παρα-

1945 410 2046 461 nisi
2106 409 2270 462 verba
2330 411 2565 472 habens,
2625 424 2687 464 ac
2727 410 2912 467 dicere
2967 411 3175 480 volens,
3223 420 3495 471 sermonis

261 488 490 558 δραμὼν
546 489 675 542 ἄλλο
730 507 781 542 τι
818 491 926 558 πρὸ
961 492 1167 543 τούτων
1204 492 1464 546 ὑπόθεσιν
1494 494 1662 563 διδοίη
1712 499 1823 557 τοῖς

262 578 466 645 λόγοις.
496 579 609 649 Τὴν
665 579 766 648 μὲν
794 579 887 632 οὖν
920 581 1177 634 ὑπόθεσιν
1212 582 1355 635 οὕτω
1390 584 1630 655 μεγάλην
1682 584 1825 639 εἶναι

265 669 582 738 συμϐαίνει,
608 668 756 723 δοκεῖ
788 670 845 723 δέ
884 688 975 739 μοι
1006 675 1116 734 τοῖς
1146 674 1469 737 ἀποστόλοις
1503 677 1824 746 εὐξάμενον,

262 760 360 811 καὶ
390 760 674 830 νομίζεται
720 762 830 830 γὰρ
884 762 1057 823 οὕτως
1105 766 1200 817 ἐπὶ
1260 768 1373 823 τοῖς
1411 767 1673 835 μεγάλοις
1720 768 1828 820 τῶν

262 849 466 919 ἔργων,
510 854 603 904 ἐπὶ
630 852 698 904 τά
737 854 929 923 πρόσω
958 855 1052 907 τοῦ
1108 856 1273 923 λόγου
1301 862 1518 929 χωρεῖν.
1553 861 1714 930 Εἴητε
1764 860 1828 929 δὴ

262 943 377 1008 οὖν,
413 940 459 999 ὦ
497 948 592 1000 τοῦ
641 946 801 1015 λόγου
855 950 1011 1016 σοφοὶ
1071 952 1335 1020 μαθηταὶ,
1390 956 1452 1022 τῇ
1498 954 1630 1022 πρὸς
1674 955 1828 1022 ὑμῶν

1928 499 2232 569 discipulos
2260 510 2313 553 et
2363 515 2552 555 servos
2604 511 3058 571 prmtercurrens,
3110 504 3255 560 aliud
3286 505 3491 576 aliquid

1928 599 2055 645 ante
2112 607 2175 645 ea
2208 606 2524 647 sermonum
2567 592 2985 650 ftittdamentum
3035 605 3223 665 ponat.
3264 597 3336 650 At
3364 610 3497 651 vero

1928 692 2036 735 tam
2076 697 2337 752 magnum
2371 684 2756 753 suppeditatur
2789 686 3228 751 fundamentum,
3264 695 3322 742 et
3358 685 3494 743 mihi

1929 772 2145 826 videtur
2172 786 2297 827 cum
2331 774 2615 842 apostolos
2660 774 2987 844 deprecatus
3032 775 3258 841 fuerim,
3306 785 3361 831 et
3407 790 3497 832 as-

1930 870 2147 914 suetum
2190 861 2294 916 hoc
2327 869 2411 915 est
2445 862 2499 916 in
2526 862 2738 931 magnis
2771 863 2958 929 rebus,
2988 864 3043 919 in
3074 866 3333 921 ulteriOra
3378 880 3497 921 ser-

1934 951 2115 1005 monis
2148 951 2469 1020 procedere.
2524 951 2711 1008 Estote
2744 968 2897 1023 ergo,
2930 971 2962 1008 o
2994 954 3152 1010 Verbi
3184 956 3490 1026 sapientes,

265 1035 526 1107 ἐπιπνοίᾳ
565 1038 953 1108 συναιρόμενοι
1002 1043 1099 1093 καὶ
1142 1041 1587 1108 συνδιεξάγοντές
1620 1061 1711 1112 μοι
1737 1044 1829 1097 τὸν

1945 1040 2184 1111 liscipuli
2242 1050 2428 1097 vestro
2461 1041 2648 1097 afﬂatu
2693 1044 3029 1113 0pitulantcs
3060 1056 3113 1099 et
3138 1055 3501 1115 provocantes

263 1124 444 1194 λόγον,
479 1126 554 1188 ὡς
606 1126 673 1181 ἂν
724 1130 798 1198 μὴ
848 1131 1032 1193 κακῶς
1082 1130 1152 1184 τά
1204 1132 1383 1195 καλῶς
1418 1134 1547 1201 ὑμῖν
1582 1152 1832 1204 πεπραγ-

1945 1148 2053 1189 mea
2084 1133 2271 1197 verba,
2307 1148 2373 1187 ne
2405 1134 2545 1187 male
2568 1150 2690 1203 quae
2714 1135 2850 1189 bene
2875 1137 3126 1205 gessistis
3156 1138 3494 1206 perlustran-

271 1218 410 1287 μένα
465 1219 683 1283 διέλθοι,
735 1222 837 1275 κάν
892 1239 996 1274 που
1056 1222 1335 1290 κάμνοντα
1393 1224 1627 1292 βλέπητε
1675 1228 1833 1297 χεῖρα

1945 1233 2055 1292 tur;
2078 1236 2131 1281 et
2159 1228 2204 1280 si
2226 1242 2465 1296 unquam
2493 1243 2577 1281 me
2599 1226 2935 1281 laborantem
2961 1226 3214 1291 videatis,
3241 1227 3493 1299 δίειμι-ειη

271 1309 614 1378 προτείνοιτε
688 1318 784 1363 καὶ
849 1312 1274 1383 ἐπιρῤωννύοιτε
1328 1314 1520 1385 ὥσπερ
1575 1316 1833 1387 ἀλείπτης

1945 1314 2197 1384 porrigite
2230 1325 2283 1369 et
2314 1316 2656 1380 conlirmate,
2690 1322 2750 1368 ut
2803 1325 3002 1369 unctor
3037 1315 3361 1368 luctatorem
3416 1314 3496 1367 la-

269 1400 555 1468 κάμνοντα
587 1402 1098 1481 παλαιστήνκξἩδη
1155 1405 1255 1474 μὲν
1290 1402 1384 1459 οὖν
1426 1424 1509 1467 τις
1542 1408 1836 1476 ἐγκωμῖων

1945 1405 2246 1460 borantem.
2296 1403 2635 1475 Iampridem
2687 1405 2811 1475 quis
2860 1404 3235 1457 laudationum
3288 1403 3498 1473 legibus

267 1488 452 1559 νόμοις
507 1491 771 1558 ἑπόμενος
823 1493 916 1545 καὶ
949 1493 1209 1562 πατρίδος
1261 1493 1370 1547 τῶν
1402 1495 1837 1564 εύφημουμένων

1945 1511 2093 1558 usus.
2153 1496 2383 1565 patriam
2435 1497 2651 1551 illorum
2685 1511 2824 1566 quos
2886 1496 3169 1554 laudabat.
3229 1507 3499 1549 memora-

271 1579 578 1647 μεμνῆσθαι
607 1581 701 1633 καὶ
737 1581 1077 1651 γένους-ἐγὼ
1108 1584 1152 1637 δ’
1188 1584 1287 1637 οὐκ
1326 1586 1504 1651 ἀγνοῶ
1541 1586 1712 1656 μικρά
1751 1588 1836 1639 δοο

268 1664 467 1722 κοῢντα
492 1669 667 1747 ταῦτα
691 1672 802 1734 τοῖς
826 1672 1162 1739 ἀποστόλοις,
1191 1675 1237 1725 εί
1261 1674 1352 1726 καὶ
1370 1677 1433 1744 τῇ
1466 1674 1683 1743 πρὸςτά
1714 1677 1838 1742 παρ’

1937 1585 2031 1640 bat
2062 1593 2116 1640 et
2173 1600 2368 1655 genus.
2416 1585 2528 1659 Ego
2582 1602 2712 1642 vero
2761 1601 2869 1641 non
2923 1585 3118 1655 ignoro
3177 1598 3340 1653 parva
3395 1583 3499 1638 ista

1942 1680 2202 1746 apostolis
2237 1679 2431 1741 videri,
2466 1680 2720 1749 quamvis
2754 1686 3074 1746 comparata
3104 1692 3228 1731 cum
3267 1674 3333 1729 iis
3380 1688 3502 1743 quae

267 1756 575 1826 ἀνθρώποις
596 1760 825 1830 λαμπρά
849 1763 1171 1831 παραθέσει,
1195 1762 1456 1830 ούμενουν
1481 1765 1588 1817 τῶν
1606 1765 1839 1825 εὐτελῶν

1945 1770 2083 1837 apud
2116 1770 2365 1826 homines
2396 1772 2679 1841 splendida
2702 1778 2850 1826 sunt.
2882 1769 3057 1838 Igitur
3094 1766 3281 1821 vilium
3317 1778 3498 1820 rerum

267 1848 541 1916 φαίνεται·
567 1848 738 1903 ταῦτα
768 1851 876 1921 γὰρ
894 1852 991 1922 τῆς
1017 1853 1255 1909 ἀτάκτου
1286 1854 1380 1906 καὶ
1404 1855 1693 1922 ἀνωμάλου
1728 1856 1837 1909 τῶν

266 1938 329 1990 ἐν
353 1939 565 2005 γενέσει
597 1942 866 2010 κινήσεως
898 1941 1048 2012 δῶρα
1073 1956 1088 1971 ⁸
1117 1943 1166 1994 εί
1207 1942 1386 1995 καίτοι
1417 1942 1646 2013 λαμπρά
1687 1943 1839 2014 τύχοι

266 2027 542 2096 προσόντα
582 2023 662 2092 οἷς
710 2031 760 2083 εί
792 2031 891 2101 μέν
940 2048 1023 2094 τις
1062 2030 1309 2101 βούλοιτο
1358 2030 1593 2101 χρῆσθαι
1623 2028 1759 2086 εἷναί
1786 2051 1838 2085 τι

266 2116 529 2173 δοκοῦντα
558 2111 659 2173 ὦδε
690 2120 898 2174 τούτων
928 2122 1218 2192 ὀλιγωρία,
1248 2124 1425 2193 μάτην
1448 2124 1839 2194 λαμπρότητας

267 2209 699 2277 ἐπαγγέλλεσθαι
730 2213 1037 2280 πεφυκότα,
1072 2214 1348 2267 καὶτοῦτο
1387 2215 1433 2268 δ’
1481 2212 1546 2269 αὖ
1583 2216 1746 2270 πάλιν
1791 2218 1838 2270 εί

276 2299 378 2366 μὲν
421 2301 769 2370 ἀναπληροῦν
822 2303 1067 2372 βούλοιτο
1102 2304 1198 2374 τὴν
1241 2305 1341 2373 τῆς
1378 2304 1581 2375 ἀρετῆς
1610 2306 1836 2374 ἔνδειαν,

272 2387 420 2441 ἐστιν
447 2392 505 2443 ἐν
536 2387 617 2454 οἷς
671 2394 779 2446 τῶν
813 2396 1240 2466 ἐπαινουμένων,
1283 2398 1511 2460 είκότως
1560 2400 1626 2452 ἂν
1660 2415 1841 2469 παρα-

274 2475 678 2550 λαμόανόμενα,
728 2481 821 2546 οὓς
870 2485 926 2537 δὲ
968 2484 1037 2537 τά
1072 2485 1129 2551 ἐξ
1170 2487 1381 2539 ἑαυτῶν
1433 2486 1571 2557 μόνα
1613 2490 1841 2558 κοσμεῖν

274 2567 520 2634 δύναται,
568 2571 779 2635 τούτοις
831 2574 863 2643 ή
910 2575 1037 2645 περὶ
1082 2575 1255 2629 ταῦτα
1299 2576 1581 2646 φιλοτιμία
1614 2584 1841 2652 περιττὴ

275 2659 708 2735 προσληφθῆναι,
740 2664 928 2737 ῶσπερ
959 2665 1025 2721 ἂν
1070 2667 1224 2730 είτις
1264 2668 1383 2733 egw
1410 2667 1446 2723 ἃ.
1474 2669 1639 2725 πολλά
1665 2671 1842 2743 χρυσά

273 2750 537 2821 κέκτηται
574 2755 741 2825 σκεύη
769 2756 1217 2827 ἐπιδεικνύμενος
1245 2760 1438 2813 ἑαυτὸν
1468 2760 1639 2826 δεῖξαι
1672 2764 1839 2816 πλου-

272 2843 469 2897 τοῦντα
499 2847 916 2919 καὶγόστράκινα
966 2849 1250 2919 προτιθείη
1297 2854 1377 2913 είς
1416 2853 1603 2923 μέσον,
1639 2856 1732 2907 ml
1764 2855 1829 2926 δὴ

1941 1858 2170 1914 videtur.
2190 1860 2299 1917 lsta
2322 1862 2463 1916 enim
2494 1861 2761 1917 inconditi
2807 1859 3200 1928 inmqualisque
3249 1858 3303 1910 in
3334 1870 3496 1923 gene-

1940 1953 2152 2006 ratione
2197 1961 2377 2008 motus
2420 1969 2645 2008 munera
2680 1952 2932 2022 quamvis
2987 1948 3270 2020 splendida
3328 1946 3493 2001 alicui

1942 2039 2079 2095 forte
2104 2044 2430 2098 conveniant
2452 2045 2545 2113 qui
2578 2044 2657 2097 uti
2703 2043 2774 2098 iis
2808 2042 2938 2096 velit
2969 2056 3033 2095 ac
3057 2041 3110 2094 in
3151 2041 3332 2093 lucem
3369 2050 3501 2106 pro-

1943 2131 2120 2198 ferre;
2154 2143 2207 2186 et
2246 2149 2438 2188 rursus
2468 2133 2510 2186 si
2545 2133 2762 2187 virtutis
2801 2133 3063 2186 absentire
3103 2128 3303 2184 mederi
3346 2123 3504 2195 velit,

1943 2223 2310 2289 laudationes,
2364 2232 2420 2277 ut
2460 2238 2556 2291 par
2587 2235 2695 2287 est,
2732 2230 2970 2292 accepta:
3007 2230 3061 2277 et
3100 2228 3268 2289 grata:
3302 2224 3465 2273 erunt
3484 2213 3505 2281 ;⁴

1941 2330 2082 2385 quos
2114 2331 2239 2368 vero
2266 2332 2364 2370 sua
2384 2322 2596 2370 tantum
2617 2329 2814 2369 ornare
2834 2322 3087 2383 possunt,
3115 2312 3182 2365 iis
3215 2308 3280 2365 de
3314 2309 3400 2363 his
3419 2322 3504 2363 re-

1942 2407 2044 2463 bus
2060 2407 2285 2462 ambitio
2305 2407 2551 2470 inhaaret,
2574 2414 2633 2460 ut
2652 2407 2695 2461 si
2722 2403 2966 2474 quis,ubi
2992 2402 3115 2455 licet
3146 2399 3312 2454 multa
3333 2412 3503 2453 aurea

1941 2514 2091 2560 vasa,
2124 2513 2246 2569 quas
2279 2498 2542 2567 possidet,
2568 2495 2861 2552 ostendere
2920 2504 2979 2548 ut
3018 2493 3265 2557 divitem,
3328 2495 3505 2545 testa-

1940 2603 2037 2644 cea
2080 2590 2133 2643 in
2175 2589 2406 2642 medium
2435 2589 2610 2657 ponit,
2650 2588 2775 2641 licet
2799 2594 2850 2641 et
2894 2584 3184 2640 illustrium
3212 2590 3501 2653 parentqu

1942 2681 2014 2736 sit
2062 2681 2205 2736 illius
2247 2688 2301 2735 et.
2347 2681 2517 2750 patria
2561 2679 2833 2736 communi
2866 2678 3153 2740 oriunlus,
3201 2673 3296 2729 sed
3350 2686 3502 2742 prae-

1940 2770 2090 2825 clare
2145 2769 2304 2826 factis
2363 2780 2548 2826 notus.
2601 2768 2868 2841 Equidem
2932 2767 3061 2821 nulli
3134 2765 3348 2819 illorum
3407 2760 3502 2831 qui

1943 2875 2001 2917 se
2025 2862 2248 2917 istorum
2278 2877 2458 2917 rerum
2483 2870 2695 2917 actores
2716 2859 2957 2930 praebent
2983 2860 3036 2911 in
3062 2855 3211 2911 omni
3235 2864 3500 2923 tempore,

274 2935 370 2986 ml
398 2934 570 2998 ἄλλως
599 2942 915 3008 περιφανῶν
963 2940 1061 3010 μὲν
1111 2941 1393 3011 προγόνων
1443 2946 1539 2998 καὶ
1582 2946 1842 3017 πατρίδος

1945 2953 2219 3017 adhzereo,
2257 2953 2352 3008 sed
2403 2954 2773 3024 apostolorum
2807 2966 2990 3005 mores
3031 2955 3232 3003 sector.
3280 2945 3337 3001 Si
3368 2958 3502 3000 vero

274 3024 467 3092 ὁμοίας
519 3026 739 3091 πολλοῖς
791 3029 885 3083 καὶ
934 3030 1043 3083 τῶν
1093 3031 1312 3100 φαύλων
1366 3032 1573 3104 ὑπῆρξε
1616 3038 1835 3105 τυχεῖν·

1945 3040 2058 3099 ha-c
2091 3043 2449 3114 negligentius
2465 3043 2624 3098 alicui
2655 3050 2772 3097 acta
2796 3042 3062 3104 videntur,
3081 3038 3284 3100 audiet,
3303 3050 3501 3106 quam-

217 3191 225 3197 '
273 3115 451 3185 ἔργων
479 3118 534 3171 δὲ
560 3120 739 3174 καλῶν
774 3122 870 3174 καὶ
896 3121 1177 3189 γενναίων.
1200 3121 1477 3193 Οὕμενουν
1515 3124 1691 3177 οὐδενὶ
1732 3127 1841 3178 τῶν

1948 3137 2028 3190 vis
2079 3145 2134 3190 et
2188 3112 2303 3205 ipse
2343 3134 2659 3205 providerit,
2691 3134 2955 3189 ambobus
2991 3132 3131 3187 idem
3165 3130 3309 3205 quod
3330 3129 3504 3183 Abra-

279 3206 358 3276 νὴ
384 3207 587 3262 τούτων
612 3212 948 3282 αὐτουργοὺς
971 3213 1198 3273 ἑαυτοὺς
1218 3214 1649 3283 παρασχομένων
1677 3215 1837 3285 μέχρι

1946 3223 2071 3277 ham
2122 3224 2445 3293 imputatum
2495 3234 2598 3293 est,
2665 3223 2812 3294 quod
2863 3223 3080 3293 quidem
3145 3236 3251 3276 non
3319 3233 3501 3274 coram

278 3297 495 3363 παντὸς,
525 3300 639 3353 ἀλλ’
668 3301 809 3355 οὕτω
837 3304 933 3370 μὲν
959 3303 1069 3370 ἐγὼ
1097 3305 1318 3373 τίθεμαι
1348 3322 1412 3357 πε
1424 3306 1479 3374 pl
1511 3305 1721 3358 τούτων
1742 3310 1837 3360 καὶ

1949 3313 2154 3382 ignaris
2177 3314 2545 3383 perlustrabo.
2990 3296 2991 3299 Ἴ

276 3391 421 3440 κατὰ
445 3392 567 3443 νοῦν
598 3388 753 3460 οἶμαι
780 3397 894 3457 τοῖς
924 3396 1272 3460 ἀποστόλοις.
1298 3397 1439 3451 Εἰδέ
1476 3414 1555 3467 τῳ
1587 3400 1680 3449 καὶ
1712 3399 1883 3453 ταῦτα
1925 3404 2000 3473 μὴ
2038 3406 2387 3476 παροφθῆναι
2423 3408 2591 3472 δοκεῖ,
2628 3407 2950 3470 ἀκούσεται,
2993 3406 3172 3459 καίτοι
3208 3406 3303 3459 καὶ
3333 3405 3498 3468 αύτίις

278 3484 542 3547 προειδὼς
588 3487 862 3553 γενόμενος
893 3488 989 3556 μὲν
1043 3490 1245 3559 ἀμφοῖν
1274 3489 1463 3543 ταυτὸν
1496 3489 1523 3541 δ
1570 3488 1659 3543 τὸν
1710 3492 1963 3565 Ἀδραάμ
2023 3496 2386 3569 ἐπιγράφεται
2435 3498 2719 3569 πρόγονον,
2758 3498 2785 3550 δ
2829 3498 2925 3550 καλ⁸
2977 3496 3147 3551 ταῦτα
3209 3498 3254 3551 δ’
3292 3498 3387 3567 οὑχ
3429 3497 3505 3560 ὡς

276 3573 527 3640 ὀκνοῦσι
552 3576 798 3646 διέξειμι.

350 3763 445 3825 El;
500 3762 782 3832 Αἴγυπτον
839 3765 968 3830 Gell;
1036 3767 1293 3831 ἐπιδόξως
1351 3766 1452 3838 μὲν
1504 3768 1838 3837 κατήγαγεν,
1911 3798 1919 3805 ~

277 3853 653 3925 ἐπιδοξότερον
681 3855 735 3908 δὲ
766 3857 860 3910 καὶ
886 3857 1182 3926 ἀνήγαγεν,
1218 3851 1262 3925 ᾧ
1296 3857 1395 3927 τὴν
1446 3856 1725 3925 Αἴγυπτον
1751 3874 1838 3911 το-

280 3947 441 4010 σάκις
485 3948 794 4016 ἐμάστιξεν,
833 3948 1024 4012 ὁσάκις
1089 3951 1182 4001 καὶ
1234 3947 1432 4018 μικροῦ
1470 3948 1672 4011 τελέως
1712 3950 1842 4003 ἐπέ-

277 4040 439 4111 τριψε
461 4042 553 4093 καὶ
588 4040 776 4110 τελείῳ
824 4043 1065 4109 παρέσχε
1096 4039 1408 4107 λογίζεσθαι
1437 4041 1535 4103 τὰς
1571 4042 1845 4110 μάστιγας

282 4131 521 4201 ἀριθμῷ,
544 4123 589 4199 ᾧ
622 4131 896 4185 θάλασσαν
925 4132 1085 4183 διεῖλε
1122 4134 1217 4185 καὶ
1251 4132 1460 4201 τροφὴν
1489 4132 1696 4186 ἄνωθεν
1727 4132 1842 4198 ὗσε,

281 4222 377 4276 καὶ
426 4221 605 4284 νίκαις
641 4222 811 4274 ἐθνῶν
857 4223 950 4274 καὶ
993 4222 1260 4291 βασιλέων
1294 4224 1523 4293 ἀνέδησε
1576 4226 1669 4277 καὶ
1695 4225 1848 4295 ἥλιον

280 4310 498 4379 ἔστησε,
527 4313 618 4364 καὶ
642 4312 823 4373 πόλεις
851 4311 921 4374 ὡς
957 4314 1056 4364 οὐκ
1082 4314 1146 4366 άν
1176 4330 1257 4374 τις
1284 4312 1458 4383 ᾠήθη,
1489 4313 1733 4379 καθεῖλε,
1755 4317 1848 4368 καὶ

2004 3773 2064 3830 In
2092 3772 2380 3844 Egyptum
2409 3772 2553 3828 Deus
2582 3773 2871 3842 insigniter
2900 3771 3184 3837 conduxit,
3215 3772 3343 3825 item
3373 3787 3503 3826 vero

1937 3863 2127 3919 eduxit
2151 3881 2244 3934 per
2260 3880 2418 3933 quem
2436 3864 2727 3934 [Egyptum
2754 3864 2915 3917 toties
2936 3861 3265 3926 verberavit,
3287 3862 3502 3931 quoties

1940 3956 2304 4025 transgressio
2334 3964 2417 4010 est
2460 3955 2625 4019 facta,
2683 3963 2738 4009 et
2768 3953 2986 4007 demum
3026 3953 3290 4007 rationem
3346 3951 3498 4007 dedit

1946 4059 2052 4115 qua
2087 4045 2313 4099 verbera
2342 4056 2805 4109 numerarentur;
2857 4058 2965 4112 quo
3000 4056 3149 4096 mare
3203 4041 3398 4096 dividit
3452 4050 3508 4097 et

1945 4137 2126 4192 cibum
2164 4136 2402 4206 desuper
2463 4135 2619 4205 pluit,
2675 4143 2728 4189 et
2783 4135 3029 4189 victoriis
3081 4134 3405 4204 populorum
3453 4141 3509 4187 et

1944 4243 2135 4297 regum
2165 4228 2414 4297 religavit
2448 4228 2752 4287 vinculum,
2786 4236 2840 4280 et
2870 4226 3035 4279 solem
3068 4226 3230 4290 stitit,
3256 4232 3310 4279 et
3339 4224 3507 4279 urbes

1946 4319 2268 4375 innumeras
2322 4320 2539 4384 evertit,
2571 4326 2624 4373 et
2678 4327 2879 4371 terram
2934 4332 3030 4385 per
3086 4324 3263 4371 sortes
3312 4314 3507 4369 dividit

285 4403 390 4471 γῆν
419 4405 897 4476 κατεκληρούχησε
945 4411 1041 4478 τῆς
1072 4409 1403 4476 ἐπαγγελίας
1426 4409 1522 4461 καὶ
1550 4408 1843 4480 προφητῶν

1956 4411 2357 4482 promissionis,
2391 4418 2445 4464 et
2472 4410 2857 4479 prophetarum
2909 4407 3217 4461 divinorum
3274 4406 3504 4461 chorum

282 4492 443 4546 θείων
467 4496 635 4564 ἀνῆκε
668 4498 858 4567 χορόν·
891 4499 950 4552 τὸ
983 4500 1241 4569 μέγιστον
1275 4500 1398 4552 ὅθεν
1425 4501 1481 4552 ἐν
1510 4501 1643 4569 ἡμῖν
1679 4501 1847 4564 αὐτὸς

285 4590 377 4640 ἐπὶ
407 4587 551 4640 τέλει
579 4591 645 4659 τῇ
673 4589 794 4642 καθ’
816 4591 965 4658 ἡμᾶς
994 4590 1154 4659 φύσει
1183 4591 1643 4661 πολιτευσάμενος
1664 4590 1844 4662 ὤφθη,

286 4678 573 4732 ἀκούτεται
632 4683 727 4735 καὶ
782 4681 1047 4749 πατρίδας
1093 4682 1171 4751 τῷ
1231 4682 1348 4751 μὲν,
1397 4683 1497 4752 τὴν
1555 4682 1848 4741 Γαλιλαίας

287 4771 584 4837 Βηθσαιδὰ,
646 4771 840 4841 Παύλῳ
900 4772 955 4824 δὲ
1010 4772 1109 4843 τὴν
1173 4773 1419 4836 Κιλικίας
1481 4773 1725 4844 Ταρσόνο
1773 4766 1848 4827 ὧν

286 4861 552 4930 ἑκατέρας
611 4864 849 4933 ἑκατέρα
913 4863 1117 4932 μᾶλλον
1173 4866 1562 4936 περιφανὴς,ἡ
1626 4866 1723 4934 μὲν
1771 4865 1849 4935 τῷ

283 4952 518 5022 Χριστὸν
576 4954 634 5006 ἐν
700 4954 836 5023 αὐτῇ
884 4954 1141 5016 πολλάκις
1188 4956 1523 5026 ἐπιδημῆσαι
1570 4959 1663 5010 καὶ
1715 4956 1849 5010 θαυ-

287 5044 476 5112 μάτων
530 5043 820 5108 ἐπιδείξεσι
872 5046 1200 5117 χρήσασθαι,
1255 5047 1383 5115 ήδὲ
1442 5047 1521 5115 τῷ
1570 5048 1850 5117 προκαθῆ-

285 5132 414 5186 σθαι
449 5130 545 5185 τοῦ
603 5132 837 5203 θέματος
888 5137 983 5189 καὶ
1032 5136 1110 5205 τῷ
1155 5135 1447 5205 θαυμασίῳ
1495 5138 1602 5191 τῶν
1656 5139 1851 5207 τειχῶν

284 5224 559 5295 περιϐόλῳ
585 5227 678 5280 καὶ
714 5226 792 5297 τῷ
824 5228 1006 5283 διειδεῖ
1043 5232 1236 5302 Κύδνῳ
1268 5232 1329 5284 δν
1363 5234 1554 5295 ὁσάκις
1593 5231 1659 5286 ἂν
1692 5235 1852 5298 αὐτὸς

284 5316 514 5382 ἐπαινῶ,
544 5318 771 5384 τοσάκις
820 5323 1215 5377 ἀπολείπεσθαι
1247 5326 1345 5394 τῆς
1388 5325 1643 5396 ἀληθείας
1688 5326 1849 5381 δοκῶ.

283 5408 396 5460 Καὶ
446 5409 555 5480 γάρ
607 5412 718 5465 οὐδ’
752 5413 970 5479 ἐξέσται
1021 5416 1274 5471 τοσοῦτον
1321 5419 1497 5470 εἰπεῖν
1547 5420 1631 5471 ἐπ’
1680 5418 1850 5489 αὐτῷ,

282 5499 408 5553 ὅσον
446 5500 793 5574 Ἀλέξανδρον
846 5506 1183 5576 ἐργάσασθαι
1218 5507 1442 5576 φέρουσι
1482 5508 1673 5578 βίὸλοι.
1712 5509 1778 5563 Τί
1807 5511 1853 5564 δ’

287 5590 354 5643 ἂν
403 5592 497 5643 καὶ
539 5594 726 5663 μεῖζον
775 5597 853 5669 τῷ
907 5599 1107 5670 ῥείθρῳ
1161 5599 1451 5669 κεχάριστο
1505 5600 1853 5671 ἢτηλικοῦδε

290 5680 555 5751 βασιλέως
591 5686 814 5757 λουτρὸν
846 5690 1069 5756 θέσθαις
1110 5693 1173 5745 "A
1208 5690 1304 5756 μὲν
1337 5691 1399 5755 δὴ
1430 5691 1622 5754 γένους
1661 5710 1719 5747 τε
1762 5696 1853 5747 καὶ

1958 4500 2144 4567 misit;
2198 4508 2254 4555 at
2304 4500 2358 4553 in
2410 4499 2606 4569 primis
2652 4500 2840 4553 eadem
2886 4497 3176 4551 nobiscum
3204 4495 3507 4550 secundum

1951 4602 2205 4648 naturam
2256 4601 2499 4647 nostram
2546 4590 2970 4644 conversatione
3002 4604 3133 4644 usus
3169 4599 3272 4642 est.
3314 4585 3513 4642 Audiet

1951 4680 2159 4750 patrias
2208 4696 2221 4733 :
2278 4680 2357 4733 illi
2414 4680 2630 4749 quidem
2690 4677 2985 4733 Bcthsaida
3031 4677 3285 4743 Galilaaae,
3342 4675 3512 4731 Paulo

1948 4781 2143 4829 contra
2163 4772 2218 4827 in
2246 4771 2435 4827 Cilicia
2461 4772 2724 4837 Tarsum;
2748 4786 2981 4841 quarum
3012 4786 3119 4825 una
3143 4772 3314 4824 altera
3340 4771 3510 4838 magis

1949 4868 2245 4936 conspicua
2283 4882 2299 4922 :
2342 4866 2503 4937 'prior
2529 4866 2658 4935 quia
2712 4866 2968 4920 Christus
3005 4864 3059 4918 in
3114 4864 3262 4918 illam
3311 4862 3511 4930 saepius

1950 4956 2172 5011 divertit
2213 4966 2267 5013 et
2298 4959 2563 5013 miracula
2590 4957 2760 5012 edidit
2788 4973 2803 5022 ;
2829 4956 3024 5023 altera,
3054 4955 3179 5025 quia
3210 4963 3372 5024 caput
3399 4962 3516 5006 erat

1952 5050 2271 5120 provinciae,
2304 5059 2358 5104 et
2392 5048 2532 5105 miro
2558 5051 2883 5104 tumulorum
2908 5048 3114 5126 ambitu
3147 5045 3513 5117 praecellebat,

1952 5151 2007 5196 et
2054 5142 2204 5197 claro
2264 5151 2319 5196 et
2373 5141 2620 5212 inclyto,
2678 5139 3335 5210 quanuquoﬁescunque
3398 5136 3516 5204 ipse

1952 5233 2136 5298 laudo,
2157 5234 2319 5290 toties
2350 5235 2629 5289 veritatem
2652 5248 2761 5288 non
2784 5240 3075 5286 assecutus
3101 5230 3269 5285 fuisse
3299 5226 3511 5281 videor.

1951 5324 2070 5380 Non
2105 5326 2251 5381 enim
2314 5334 2524 5379 tantum
2557 5322 2742 5379 dicere
2798 5324 2865 5376 de
2900 5335 2967 5376 eo
3002 5318 3191 5374 licebit
3252 5324 3511 5385 quantum

1953 5414 2320 5471 Alexandrum
2357 5414 2556 5469 fecisse
2606 5411 2786 5467 ferunt
2833 5411 2979 5464 libri.
3031 5407 3173 5475 Quid
3235 5420 3365 5461 vero
3412 5403 3517 5459 llu-

1953 5507 2086 5561 mini
2138 5505 2399 5575 majorem
2452 5505 2713 5559 honorem
2768 5502 3016 5556 conferat
3054 5513 3216 5570 quam
3266 5496 3407 5566 quod
3461 5496 3515 5549 in

1955 5598 2093 5652 tanti
2149 5597 2293 5667 regis
2340 5596 2594 5651 balneum
2646 5593 2949 5649 albibitutn
3007 5590 3160 5646 fuit?
3204 5589 3334 5655 Quae
3386 5601 3517 5642 vero

1957 5690 2183 5747 dicenda
2232 5689 2305 5746 de
2341 5690 2545 5749 acnerc’
2591 5695 2643 5744 ct
2687 5685 2859 5745 oatria
2922 5683 3133 5743 habeo.
3174 5696 3235 5736 ca
3271 5688 3324 5735 et
3362 5678 3515 5738 ulura
