3996 6202
495 284 640 356 1023

1746 262 2039 343 MAXIM
2079 279 2458 342 unum;

3644 278 3798 343 ιοξι

496 396 647 452 dicta
696 393 939 451 fuissent
973 392 1081 449 nisi
1116 390 1334 448 viderer
1377 391 1512 447 viris
1563 390 1657 462 qui
1714 390 1871 461 plura
1906 389 2075 444 etiam

2197 391 2446 460 τατρίδος
2491 392 2671 444 εἰπεῖν
2717 390 2852 463 ἔχω,
2902 390 3101 458 ταῦτα,
3148 390 3247 445 καὶ
3284 390 3460 446 πλείω
3488 390 3541 460 γ’
3582 391 3656 445 ἃν
3686 395 3799 462 ῥη-

496 489 685 544 dicere
750 494 997 559 possent,
1053 484 1328 540 :rmnlari.
1382 484 1483 540 Cui
1535 485 1684 538 enim
1736 497 1942 537 sensus
1991 480 2078 535 sui

498 578 678 648 ipsius
722 589 841 640 est,
889 593 1015 648 qua:
1052 576 1311 632 omnibus
1363 576 1583 646 cognita
1634 585 1767 631 sunt
1837 590 1947 628 non
1990 590 2080 629 re-

430 700 435 704 ι
495 677 666 736 petet,
691 668 858 723 stulte
885 682 1200 723 sermonem
1240 667 1297 722 in
1350 666 1515 740 aliain
1545 675 1757 737 partem
1788 664 2078 727 dcrivans,

464 761 641 829 2sicut
670 775 775 816 nos
809 775 986 830 aquas
1020 760 1128 814 alio
1161 774 1258 829 per
1306 758 1532 814 carnales
1581 758 1867 813 ducimus.
1906 756 2083 826 Igitur

466 839 471 844 ’
498 867 680 922 neque
713 852 807 908 illa
844 852 1070 908 silentio
1106 850 1422 922 transgredi
1449 850 1604 906 decet
1643 848 1930 919 nisiprius
1963 863 2082 903 me-

498 954 712 1001 morata
746 947 864 1023 sint
893 960 1019 1017 quae
1054 944 1319 999 momenti
1348 942 1586 1013 alicujus
1616 957 1738 998 esse
1770 942 2079 996 videantur.

495 1038 675 1109 Magis
721 1039 870 1095 enim
918 1038 1071 1093 illinc
1112 1036 1496 1107 apostolorum
1552 1050 1767 1091 summa
1807 1033 2082 1088 industria

2183 485 2364 551 θέντα,
2394 485 2445 538 εί
2484 485 2559 557 μὴ
2608 483 2792 554 μάτην
2824 487 3049 540 ἐδόκουν
3080 484 3219 556 πρὸς
3248 483 3332 538 ἔτι
3366 483 3542 539 πλείω
3591 483 3797 553 λέγειν

2182 577 2396 641 εἰδότας
2423 576 2850 646 φιλοτιμεῖσθαι.
2876 572 2951 649 ’ᾨ
2978 577 3089 646 γὰρ
3124 576 3385 646 αῖσθησις
3409 574 3614 629 ἐαυτοῦ
3635 575 3799 639 γίνε-

2182 688 2296 736 ται,
2320 671 2390 725 τὰ
2410 672 2547 725 πᾶσι
2566 671 2699 741 δῆλα
2724 670 2984 739 λέγοντος
3012 670 3257 741 ἐνοχλεῖν
3284 669 3391 722 οὐκ
3416 667 3663 722 ἀσύνετα
3717 667 3793 720 ἂν

2182 764 2335 834 δρῴη
2369 763 2744 835 μετοχετεύων
2774 764 2869 819 τὸν
2901 763 3062 832 λόγον
3089 762 3283 832 ὥσπερ
3310 760 3424 814 τῶν
3454 759 3674 813 ὑδάτων
3698 752 3791 820 οἷς

2184 857 2380 927 ἑτέραν
2396 856 2616 927 δίδομεν
2631 856 2728 912 νῦν
2750 856 2851 929 τὴν
2868 856 3010 911 ὁδόν.
3024 854 3259 921 οὐκοῦν,
3274 854 3396 909 οὑδὲ
3415 853 3529 924 γάρ
3547 854 3792 906 κάκεῖνα

2188 950 2265 1022 μὴ
2322 949 2789 1021 μνημονεύσαντα
2841 951 2926 1004 δεῖ
2978 949 3295 1023 παρελθεῖν,
3357 951 3457 1002 καὶ
3509 949 3563 1000 εξ
3614 946 3794 997 οδικεῖ

2182 1043 2297 1096 τῶν
2326 1043 2679 1113 φαυλοτέρων
2704 1042 3070 1114 παραϐαλεῖν.
3103 1043 3327 1097 Μᾶλλον
3365 1042 3475 1110 γὰρ
3508 1040 3793 1094 ἐντεῦθεν

496 1133 647 1187 clara
687 1132 841 1188 l’uit:
880 1131 1090 1203 quibus
1129 1145 1280 1184 mare
1327 1137 1384 1184 et
1432 1129 1570 1183 retia
1628 1143 1777 1182 curae
1833 1128 2077 1181 fuerunt.

497 1224 704 1281 Paulus
739 1240 872 1278 vero
925 1223 1437 1279 tabernaculorum
1464 1220 1752 1276 confector
1801 1228 1943 1274 erat.
1982 1221 2085 1272 Ar-

2182 1134 2282 1203 τῆς
2319 1134 2434 1188 τῶν
2483 1135 2800 1189 ἀποστόλων
2848 1137 3054 1205 ἀρετῆς
3094 1137 3331 1202 φανερὴν
3380 1136 3442 1188 τὸ
3482 1134 3793 1204 ὑπέρμεγα

2187 1224 2269 1294 τῷ
2311 1227 2413 1295 μὲν
2437 1226 2715 1297 θαλάσσης
2746 1228 2843 1280 καὶ
2877 1227 3118 1280 δικτύων
3149 1227 3414 1296 ἐμέλησε,
3464 1225 3691 1289 Παῦλος
3736 1226 3797 1279 δι

497 1326 694 1387 tesque
723 1316 833 1372 illis
855 1315 1107 1371 innocua:
1138 1316 1306 1371 vitam
1338 1314 1749 1383 componebant
1770 1323 1826 1369 et
1854 1313 2085 1368 minime

2197 1313 2518 1384 σκηνοποιὸς
2539 1314 2602 1367 τὸ
2622 1315 2971 1386 ἐπιτήδευμα
2996 1311 3090 1387 ἦν,
3122 1318 3313 1387 τέχναι
3356 1333 3418 1369 τε
3444 1315 3673 1378 τούτοις
3700 1319 3798 1368 τον

494 1407 713 1471 otiosa,
742 1416 815 1470 et,
853 1414 912 1460 ut
936 1406 1010 1461 ita
1047 1406 1258 1469 dicam,
1286 1405 1416 1460 mali
1457 1405 1663 1459 nullius
1693 1405 2082 1473 instigatores,

2197 1404 2303 1474 βίον
2345 1407 2716 1478 συνεκρότουν
2747 1408 2887 1478 μήτε
2921 1412 3065 1475 πρὸς
3107 1408 3329 1463 ἀδικίαν
3387 1408 3630 1477 ὁρῶσαι,
3694 1410 3800 1461 καὶ

499 1500 908 1568 prudenter.ct
979 1498 1265 1552 moderate
1339 1497 1619 1551 vivebant.
1677 1495 1833 1563 Quod
1896 1496 2085 1551 evenit

2197 1498 2386 1566 Ξργίας
2423 1498 2877 1568 ἀπηλλαγμέναι,
2904 1502 3021 1564 καὶ,
3054 1499 3133 1563 ὡς
3159 1499 3294 1564 ἔπος
3340 1503 3547 1563 εἰπεῖν,
3605 1500 3802 1553 κακοῦ

499 1592 801 1662 apostolis;
833 1592 879 1647 si
915 1591 1045 1662 quis
1075 1591 1144 1645 de
1179 1589 1337 1660 plebe
1367 1603 1628 1661 magnum
1658 1589 1867 1658 aliquid
1899 1587 2087 1643 dicere

2197 1589 2290 1659 μὲν
2318 1590 2534 1652 οὑδενδς
2558 1591 2621 1644 τό
2644 1607 2709 1660 γε
2744 1591 2835 1644 ἐπ’
2867 1592 3063 1652 αὑταῖς
3103 1587 3247 1646 εἶναι
3297 1592 3647 1657 διδάσκαλοι,
3692 1610 3805 1645 σω-

501 1683 666 1738 liabet
712 1682 779 1738 de
816 1682 948 1747 illis,
999 1681 1303 1751 majoribus
1355 1682 1762 1736 demonstrabit
1816 1682 2086 1751 exemplis

2197 1684 2435 1754 φροτύνῃ
2462 1684 2518 1736 δὲ
2550 1682 2792 1749 συζῶσαι
2825 1685 2921 1737 καὶ
2963 1684 3311 1755 μετριότητι,
3355 1685 3679 1738 κάντεῦθεν
3734 1687 3803 1756 δὴ

499 1773 703 1830 nedum
756 1774 971 1828 minora
998 1773 1215 1843 probet.
1256 1772 1313 1826 Si
1349 1783 1533 1826 autem
1592 1773 1692 1826 \il‘i
1733 1772 1901 1842 aliqui
1957 1786 2087 1841 pru-

2197 1774 2480 1844 συμϐαίνει
2508 1776 2622 1838 τοῖς
2647 1774 2995 1838 ἀποστόλοις,
3017 1776 3068 1828 εἰ
3101 1776 3203 1845 μέν
3230 1793 3317 1839 τις
3339 1776 3482 1843 μέγα
3517 1794 3575 1829 τι
3604 1777 3805 1845 λέγειν

498 1866 696 1921 dentes
741 1866 1115 1921 meminerunt
1155 1874 1421 1935 quantum
1480 1865 1673 1919 mutati
1724 1865 1857 1929 sint,
1905 1880 2083 1935 quatt-

2197 1869 2258 1920 ἐκ
2292 1867 2405 1919 τῶν
2432 1866 2679 1921 κάτωθεν
2704 1866 2949 1935 ἡκόντων
2977 1868 3093 1937 ἔχει
3126 1868 3256 1937 περὶ
3298 1868 3485 1922 αὐτῶν
3534 1869 3805 1937 μείζοσιν

499 1970 730 2028 tumque
754 1975 785 2013 a
818 1958 1168 2012 multitudine
1191 1959 1398 2013 distent
1431 1959 1614 2028 quoad
1668 1958 1898 2027 gloriam
1923 1966 1979 2011 et
2013 1956 2081 2010 ab

2197 1957 2616 2015 ἀποδείκνυσθαι
2649 1959 2729 2028 τῷ
2780 1959 2850 2011 τὰ
2892 1959 3107 2029 μεγάλα
3164 1957 3241 2029 μὴ
3286 1959 3694 2028 καταισχῦναι.
3745 1963 3806 2014 ΕΞ

498 2051 571 2106 iis
618 2065 759 2120 quos
821 2066 955 2121 opes
1008 2060 1056 2105 et
1111 2050 1359 2120 potentia
1414 2049 1721 2119 impediunt
1772 2047 2076 2119 quominus

2197 2050 2249 2103 δέ
2295 2066 2349 2102 τι
2417 2049 2530 2101 τῶν
2582 2049 2888 2102 ἐλαττόνων
2932 2050 3215 2119 μεγίστοις
3231 2049 3490 2120 ὁρώντων
3523 2044 3616 2112 οἷς
3666 2054 3807 2120 cpia

497 2147 603 2199 viae
632 2159 755 2215 qua:
789 2143 844 2198 in
878 2142 1080 2198 castum
1114 2142 1270 2196 ducit
1301 2141 1580 2195 insistant.

2197 2138 2362 2206 ἔστιν,
2378 2139 2437 2205 ἐξ
2459 2140 2586 2193 οἴων
2605 2138 2921 2210 ὁρμώμενοι
2949 2139 3060 2193 τῶν
3088 2139 3213 2193 καθ’
3237 2141 3465 2200 ἑαυτοὺς
3490 2136 3605 2196 οἷοι
3638 2145 3808 2212 γετό-

501 2255 651 2302 νατι,
688 2239 784 2290 καὶ
816 2236 922 2309 μὴν
945 2239 1041 2290 καὶ
1070 2239 1182 2299 τοῖς
1232 2236 1333 2303 μὲν
1380 2234 1646 2304 προσοῦσι
1678 2234 1960 2304 λαμπροῖς
2011 2233 2122 2288 τῶν
2164 2236 2337 2306 μηδὲν
2382 2233 2598 2290 τοιοῦτο
2644 2237 2773 2307 περὶ
2815 2233 2997 2290 αὑτῶν
3034 2236 3345 2307 κομμάζειν
3404 2238 3661 2308 ἐχόντων
3745 2240 3837 2292 τδ“

502 2331 668 2384 πλέον
701 2329 871 2402 εἶχον,
905 2332 1018 2393 τοῖς
1044 2329 1089 2383 δ’
1124 2331 1183 2383 έν
1210 2331 1334 2402 δόξῃ
1367 2327 1477 2381 τῶν
1521 2330 1883 2400 ἀσημοτέρων
1933 2329 2087 2383 οῦσιν
2126 2331 2354 2384 ἐκείνων
2418 2330 2686 2400 ἐκράτουν
2723 2323 2809 2393 οἷς
2840 2330 3074 2400 ἀφθονία
3112 2330 3214 2401 μὲν
3256 2329 3365 2397 τῶν
3452 2334 3517 2385 ἐν
3587 2336 3670 2402 γῇ
3720 2351 3808 2387 σε-

506 2427 746 2499 μνολογη
756 2426 943 2497 μάτων
970 2426 1039 2481 δι’
1068 2420 1141 2481 ὧν
1168 2427 1305 2497 πρὸς
1337 2427 1603 2497 οὐρανοὺς
1643 2427 1944 2495 πορευτέον
1978 2426 2298 2498 παντοδαπὴ
2326 2426 2543 2491 σπάνις.

579 2523 839 2579 Volebam
878 2532 934 2580 et
989 2523 1125 2579 illud
1162 2524 1423 2592 adjicere,
1473 2524 1621 2593 quod
1687 2524 1909 2593 quidem
1977 2538 2086 2578 non

505 2620 647 2673 citra
690 2618 1031 2687 propositum
1081 2616 1252 2681 cadit,
1307 2617 1515 2671 scilicet
1554 2616 1781 2671 Paulum
1829 2624 2085 2670 ornatum

505 2711 677 2765 fuisse
706 2710 850 2780 apud
903 2709 1175 2766 Romanos
1222 2710 1345 2780 jure
1381 2709 1650 2775 civitatis,
1711 2708 1805 2777 qui
1866 2708 2085 2777 quidem

504 2804 781 2859 maximus
816 2813 904 2858 est
956 2806 1204 2857 omnium
1268 2800 1519 2858 civilium
1573 2802 1893 2856 honorum:
1938 2797 2087 2870 quod

506 2910 633 2949 cum
663 2896 863 2951 scirem
915 2893 1137 2948 Petrum
1187 2909 1296 2947 non
1342 2893 1599 2963 adt-ptum
1635 2892 1827 2956 fuisse,
1860 2892 1971 2947 vidi
2000 2908 2086 2947 me

505 2989 761 3058 ipsumiu
787 2987 1074 3056 angustias
1102 2986 1427 3050 adductum,
1460 2986 1507 3040 si
1535 2994 1790 3055 oporteat
1813 2986 1879 3039 de
1910 2987 2086 3042 altero

505 3079 713 3150 aliquid
747 3078 1003 3148 speciose
1033 3077 1178 3147 loqui
1202 3077 1352 3148 quod
1392 3095 1499 3132 non
1533 3077 1718 3132 statim
1748 3078 1907 3132 alteri
1943 3078 2086 3132 foret

505 3178 859 3226 ornamento.
934 3167 1072 3225 Cum
1130 3170 1235 3224 ista
1301 3169 1355 3223 in
1421 3178 1602 3225 mente
1657 3169 1974 3234 volverem,
2032 3143 2157 3225 etc

504 3279 617 3333 quo
659 3277 744 3316 me
795 3271 1172 3318 converterem
1234 3262 1529 3327 nescirem,
1580 3260 1775 3317 Petrus
1863 3250 2090 3317 clancu-Q

507 3355 618 3409 lum
650 3353 1010 3425 interpellans
1033 3372 1047 3407 :
1073 3353 1188 3418 Dic,
1221 3353 1422 3423 inquit,
1446 3370 1545 3424 pro
1571 3356 1675 3408 hoc
1704 3369 1815 3408 uno
1841 3355 2010 3408 multa
2037 3361 2089 3408 te

504 3455 562 3502 et
594 3461 786 3515 magna
816 3446 1111 3511 audivisse,
1155 3446 1367 3502 scilicet
1398 3446 1682 3502 concivem
1738 3462 1823 3502 me
1877 3448 2086 3501 (iliristi

507 3540 706 3607 fuisse,
736 3551 792 3597 et
836 3541 989 3596 illum
1031 3541 1084 3595 in
1146 3555 1323 3596 meam
1381 3542 1605 3596 domum
1660 3541 1964 3611 excepisse,
2032 3549 2087 3597 et

506 3633 789 3704 accepisse
822 3630 1289 3704 robiirpatitlicrze
1333 3649 1397 3688 ex
1453 3632 1759 3688 Salvatoris
1790 3641 2075 3689 contactu.

505 3724 653 3781 Dicit
678 3735 732 3781 et
760 3725 850 3780 ille
882 3726 1014 3780 mihi
1046 3725 1255 3793 aliquid
1305 3725 1606 3780 maximum
1641 3725 1785 3780 unde
1813 3724 1940 3795 quis
1973 3724 2090 3795 glo-

505 3820 682 3874 rietur
715 3827 766 3871 et
785 3816 1075 3873 sublimius
1105 3831 1269 3887 quam
1314 3817 1359 3871 si
1386 3816 1513 3886 quis
1543 3816 1731 3872 decies
1767 3815 1972 3872 millies
2032 3817 2088 3872 in

504 3911 596 3981 jus
621 3909 863 3964 civitatis
885 3907 1151 3963 Romanae
1182 3907 1351 3975 fuerit
1370 3922 1664 3964 accensus.
1683 3907 1739 3962 Si
1769 3923 1895 3964 sero
1920 3909 2002 3964 vis
2031 3915 2088 3962 et

506 4019 759 4075 regnare,
798 4003 1065 4057 tributum
1100 4001 1269 4057 simul
1320 4002 1496 4072 pende
1528 4002 1642 4073 regi
1680 4003 1950 4057 omnium.
1985 4003 2092 4057 [tc-

508 4103 733 4152 creatus
778 4094 854 4149 lui
887 4096 1071 4150 statim
1114 4097 1218 4151 ista
1253 4094 1524 4151 audiens:
1558 4096 1653 4151 sed
1683 4095 1847 4164 paulo
1878 4104 2004 4164 post
2033 4096 2088 4150 in

513 4188 755 4258 majores
807 4204 1003 4244 rursus
1046 4203 1209 4259 quam
1259 4182 1415 4258 prius
1473 4187 1762 4259 angustias
1813 4187 2003 4252 incidi,
2035 4198 2093 4243 et

509 4281 641 4339 hinc
671 4279 845 4336 multo
873 4281 1057 4336 minus
1080 4280 1370 4335 videbitur
1420 4280 1569 4352 quod
1603 4281 1670 4335 ad
1703 4279 1928 4335 Paulum
1970 4294 2092 4351 per—

507 4376 745 4439 tinebat,
775 4390 938 4445 quam
991 4384 1173 4432 antea.
1206 4374 1317 4443 Ego
1353 4388 1484 4429 vero
1514 4388 1577 4428 ea
1611 4384 1792 4428 mente
1818 4388 1993 4434 erant.
2029 4381 2089 4428 ut

2272 2523 2610 2596 Ἐϐουλόμην
2656 2526 2885 2578 κακεῖνο
2937 2523 3259 2595 προσθεῖναι
3293 2525 3388 2578 οὑδ
3413 2524 3556 2578 αὑτὸ
3588 2528 3803 2598 καιροῦ

2192 2621 2393 2675 πίστιον
2411 2620 2537 2685 ἔξω,
2557 2622 2618 2674 τὸ
2640 2621 2734 2674 τὸν
2760 2620 2974 2675 Παῦλον
3018 2620 3401 2691 ἐγγεγράφθαι
3448 2621 3670 2690 δηλαδή
3701 2621 3804 2673 καὶ

2190 2714 2257 2782 τῇ
2282 2712 2529 2782 πολιτείᾳ
2555 2707 2889 2789 Ῥωμαίωνῇ
2918 2712 3155 2783 μέγιστα
3177 2713 3285 2767 τῶν
3302 2731 3361 2767 τε
3383 2714 3683 2784 πανταχοῦ
3708 2733 3806 2787 τηε

2192 2804 2377 2857 νικάδε
2402 2805 2495 2859 καὶ
2514 2805 2613 2857 ὅσα
2636 2805 2895 2873 γεγόνασι
2918 2806 2986 2859 τά
3007 2822 3106 2877 πρε
3116 2805 3285 2872 σύεῖσ,
3317 2804 3473 2867 nam;
3497 2805 3559 2859 δὲ
3588 2807 3675 2876 μὴ
3699 2808 3803 2861 καὶ

2191 2894 2270 2964 τῷ
2288 2895 2481 2966 Πέτρῳ
2501 2893 2660 2949 τοῦτο
2684 2895 3089 2963 πεπορισμένον
3111 2893 3529 2965 ἀπειλημμένον
3551 2895 3801 2950 ἔϐλεπον

2197 2988 2457 3059 ἐμαυτὸν,
2489 2989 2537 3041 εί
2567 2987 2673 3059 χρὴ
2709 2988 2842 3060 περὶ
2872 2988 3102 3058 θατέρου
3132 3006 3184 3042 τι
3234 2987 3593 3059 σεμνολογεῖν
3648 2991 3799 3060 ὅπερ

2190 3083 2293 3137 οὑκ
2352 3081 2420 3135 ἂν
2474 3082 2570 3135 καὶ
2612 3082 2826 3151 θατέρῳ
2875 3081 3081 3151 κόσμος
3131 3080 3294 3145 εὐθὺς
3344 3082 3456 3151 εῖη,
3492 3080 3700 3136 Ταῦτα
3731 3082 3801 3153 δή

2194 3190 2286 3244 μοι
2316 3172 2463 3227 κατά
2522 3173 2650 3227 νοῦν
2676 3173 3010 3228 ἀνελίττοντι
3054 3174 3152 3227 καὶ
3189 3174 3295 3243 ὅπη
3326 3175 3647 3243 τράπωμαι
3681 3178 3803 3240 tot;

2192 3266 2333 3328 ὅλοις
2361 3258 2742 3336 ἀμηχανοῦντι
2779 3264 2985 3336 Πέτρος
3021 3265 3187 3319 ποθὲν
3211 3265 3437 3335 ἀφανῶς
3472 3265 3796 3337 ἐπικύψας.

2194 3360 2357 3426 Λέγε,
2414 3358 2607 3429 φησὶν,
2645 3357 2766 3411 ἀνθ’
2805 3357 2926 3422 ἐνὸς
2971 3357 3162 3412 τούτου
3199 3359 3371 3412 πολλὰ
3414 3359 3513 3412 καὶ
3567 3361 3801 3429 μεγαλα

2192 3449 2426 3504 ἀκοῦσαι
2454 3451 2514 3503 τὸ
2541 3449 3081 3520 συμπολιτεύσασθαί
3115 3468 3183 3520 με
3209 3450 3433 3522 Χριστῷ
3467 3452 3570 3506 καὶ
3595 3451 3800 3507 τοῦτον

2195 3544 2275 3605 εἰς
2297 3541 2394 3613 τὴν
2428 3542 2674 3611 ἐμαυτοῦ
2718 3542 2903 3596 οἰκίαν
2936 3543 3289 3609 εἰσδέξασθαι
3321 3545 3420 3597 καὶ
3457 3546 3563 3615 τὴν
3618 3546 3798 3616 ,δῶσιν

2190 3636 2289 3705 τῆς
2344 3633 2626 3705 πανθήρας
2673 3637 2739 3706 τῇ
2786 3635 2884 3689 τοῦ
2936 3635 3194 3705 Σωτῆρος
3218 3637 3356 3707 ἀφῇ,
3392 3636 3546 3703 λέγει
3603 3639 3719 3691 καὶ
3765 3639 3795 3690 ό

2194 3728 2416 3783 πάντων
2465 3729 2591 3798 ἐμοὶ
2646 3728 2904 3797 μέγιστον
2940 3728 3170 3798 αὑχημα
3223 3729 3321 3782 καὶ
3374 3728 3736 3800 ὑψηλότερον
3764 3733 3798 3801 ἢ

2195 3820 2460 3892 μυριάκις
2490 3823 2572 3885 είς
2603 3819 2893 3890 Ῥωμαίων
2920 3821 3202 3875 πολιτείαν
3235 3821 3433 3877 τελεῖν.
3466 3823 3535 3877 Et
3565 3824 3632 3878 δέ
3664 3825 3796 3894 βού-

2191 3916 2274 3969 λει
2309 3916 2402 3969 καὶ
2450 3913 2762 3984 βασιλεύειν
2806 3914 2868 3968 τὸ
2909 3896 3224 3968 συντελέσαι
3277 3917 3345 3971 τι
3393 3916 3686 3988 δίδραχμα
3718 3920 3797 3988 τῷ

2196 4006 2409 4079 βασιλεῖ
2456 4008 2552 4063 τοῦ
2612 4009 2848 4071 παντός’
2906 4007 3146 4078 ἀνέψδξα
3209 4009 3311 4078 μὲν
3369 4010 3573 4064 αὐτίκα
3641 4013 3798 4083 μᾶλα

2192 4101 2401 4156 τούτων
2440 4102 2718 4165 ἀκούσας·
2756 4100 2958 4172 μικροῦ
2988 4101 3045 4155 δὲ
3085 4100 3426 4165 διαλιπόντος
3483 4103 3567 4167 είς
3614 4106 3799 4173 μείζω

2195 4196 2359 4250 πάλιν
2397 4196 2430 4267 ἢ
2461 4195 2604 4249 κατὰ
2627 4195 2729 4265 τὴν
2760 4194 3036 4267 προτέραν
3061 4196 3299 4264 ἀπορίαν
3329 4194 3793 4265 συνηλαυνόμην,

2194 4288 2289 4344 καί
2351 4306 2443 4360 μοι
2494 4287 2707 4342 ινθένδε
2762 4285 2943 4358 πολλῷ
2996 4279 3218 4341 ἔλαττον
3249 4287 3425 4340 ἐδόκει
3448 4288 3512 4340 τὸ
3561 4288 3793 4342 Παύλου

2194 4381 2228 4452 ἢ
2272 4376 2541 4452 πρότερόν
2575 4380 2782 4450 μεῖζον.
2818 4378 2963 4448 Ἐγὼ
3010 4379 3067 4432 δὲ
3107 4377 3335 4449 γνώμης
3373 4372 3443 4450 ἦν
3496 4380 3619 4441 τοῖς
3651 4382 3796 4444 ἴσοις

508 4467 719 4536 pariter
743 4467 908 4522 ambo
940 4467 1271 4537 spectabiles
1311 4466 1659 4521 viderentur.
1719 4464 1836 4520 Huc
1882 4464 2086 4531 venite,

2200 4473 2370 4546 ἄμφω
2413 4474 2932 4544 καλλωπιζομένους
2976 4474 3238 4543 φανῆναι.
3269 4471 3428 4543 Δεῦρ’
3475 4471 3556 4525 ῖτε
3589 4472 3662 4543 δὴ
3700 4474 3799 4525 καὶ

508 4577 610 4618 vos
640 4575 881 4631 quoque,
931 4560 1023 4629 qui
1067 4559 1315 4627 adestis;
1359 4566 1415 4615 et
1456 4559 1754 4629 precemiui
1801 4568 1859 4615 ut
1916 4560 2091 4628 quod-

509 4670 727 4725 cunque
756 4670 864 4709 non
895 4663 1053 4709 ornet
1074 4667 1412 4716 sermonem,
1438 4653 1689 4717 decedat,
1727 4662 1783 4708 et
1814 4655 2091 4709 ostendite

511 4744 670 4801 Pauli
707 4744 925 4814 quidem
961 4744 1014 4797 id
1054 4742 1303 4798 futurum
1342 4744 1515 4801 fuisse
1545 4746 1691 4814 quod
1714 4743 1864 4800 Petri
1900 4746 2004 4800 fuit
2044 4745 2093 4801 si

517 4830 597 4885 illi
633 4830 883 4886 licuisset
911 4829 1132 4886 Galilaea
1189 4847 1289 4902 pro
1321 4835 1497 4903 patria
1530 4836 1605 4887 uti
1634 4848 1672 4897 ;~
1698 4832 1865 4889 Petro
1903 4846 2089 4891 autem

520 4924 598 4980 nil
629 4938 754 4978 cum
787 4923 961 4978 Paulo
995 4937 1288 4980 commune
1322 4924 1445 4979 fuit.
1480 4924 1668 4997 Neque
1701 4927 1848 4981 enim
1893 4928 1947 4983 id
2000 4945 2095 4999 pa-

514 5017 836 5073 trimonium
885 5017 1123 5072 habebat
1185 5019 1330 5075 utin
1379 5035 1665 5075 numerum
1699 5033 2092 5077 accenseretur

509 5111 714 5167 civium
773 5111 1177 5170 Rocnanorutn.
1235 5111 1293 5169 Si
1330 5128 1458 5168 vero
1507 5128 1630 5183 qua:
1697 5114 1915 5184 utrique
1951 5129 2091 5185 quo-

513 5207 699 5262 tannis
729 5206 1001 5270 redibant,
1042 5206 1251 5263 maiora
1288 5206 1447 5261 Petro
1478 5216 1636 5262 erant
1664 5225 1677 5262 :
1729 5206 1783 5261 in
1812 5206 2093 5262 communi

518 5309 787 5371 egestate,
815 5299 1032 5355 [acilius
1053 5297 1274 5370 quidem
1306 5299 1504 5355 Petrus
1526 5314 1689 5369 quam
1716 5297 1919 5354 Paulus
1944 5298 2090 5370 quod

513 5392 703 5448 deerat
742 5391 1175 5458 .resarcivisset,
1222 5394 1366 5464 quod
1414 5392 1516 5447 fuit
1560 5392 2019 5449 demonstratum.

594 5480 765 5539 Detur
809 5484 898 5538 hic
932 5483 1200 5554 apostolis
1255 5499 1352 5554 par
1407 5485 1613 5551 honor;
1668 5492 1724 5539 et
1761 5485 1904 5555 quod
1955 5484 2098 5539 alter

520 5574 753 5632 alterum
811 5582 1035 5643 superat
1070 5590 1170 5642 pro
1205 5582 1358 5644 parte
1385 5575 1622 5645 singula,
1672 5586 1728 5631 et
1758 5573 1904 5641 quod
1936 5589 2103 5642 supe-

524 5671 705 5727 ratur,
740 5664 1002 5734 teqnalem
1038 5680 1274 5735 pugnam
1332 5666 1510 5722 sistat.
1546 5669 1802 5722 Attamen
1856 5681 1963 5719 non
2006 5664 2106 5718 ob-

519 5768 748 5809 scurum
788 5764 872 5810 est
905 5758 1285 5815 necessitatem
1321 5760 1454 5815 mibi
1486 5775 1611 5815 cum
1660 5759 1883 5813 laudare
1926 5772 2106 5829 coepe-

2200 4570 2375 4639 ὑμεῖς,
2412 4561 2458 4622 ὦ
2503 4565 2792 4637 παρόντες,
2825 4565 3131 4635 συνάρασθέ
3167 4582 3259 4634 μοι
3309 4562 3406 4616 τοῦ
3462 4562 3538 4632 μὴ
3584 4565 3798 4619 σκευά-

2197 4662 2360 4727 ζοντα
2388 4661 2480 4714 τὸν
2505 4659 2660 4728 λόγον
2686 4660 3041 4721 καταπεσεῖν,
3068 4658 3164 4712 καὶ
3194 4655 3409 4721 δείξατε
3444 4654 3658 4726 Παύλῳ
3686 4658 3794 4724 μὲν

2196 4754 2264 4809 ἂν
2315 4751 2558 4823 ὑπάρξαι
2592 4752 2687 4804 καὶ
2734 4750 2801 4803 τὰ
2829 4748 2908 4820 τῷ
2951 4751 3167 4820 Πέτρῳ,
3197 4748 3360 4818 εἴπερ
3388 4743 3459 4818 ἦν
3489 4748 3592 4801 καὶ
3635 4748 3797 4819 αὑτῷ

2199 4844 2422 4914 πατρίδι
2455 4845 2519 4914 τῇ
2561 4840 2825 4911 Γαλιλαίᾳ
2870 4841 3131 4911 χρῆσθαι,
3171 4840 3360 4910 Πέτρῳ
3409 4839 3467 4892 δὲ
3518 4839 3583 4892 οὑ
3644 4843 3796 4893 πάνυ

2200 4954 2255 4990 τι
2287 4936 2360 4989 τὰ
2408 4934 2487 5005 τῷ
2545 4933 2765 5003 Παύλῳ.
2817 4931 2956 4986 Οὑδέ
3009 4933 3121 5001 γὰρ
3169 4931 3429 4999 τοιαύτην
3478 4929 3625 4984 οῐκοι
3686 4928 3796 5002 τὴν

2201 5030 2502 5100 εὑκληρίαν
2548 5028 2773 5100 ἐμέτρει
2831 5025 2909 5088 ὡς
2973 5027 3040 5080 ἐκ
3096 5023 3190 5079 τοῦ
3248 5024 3453 5096 ῥᾴστου
3507 5022 3665 5093 ἔχειν
3708 5026 3798 5086 εἰς

2200 5122 2437 5193 ἀριθμὸν
2486 5119 2786 5189 ἐτασθῆναι
2823 5116 3145 5187 Ῥωμαίων.
3187 5115 3251 5170 Ei
3288 5115 3348 5169 δὲ
3392 5112 3505 5168 τῶν
3549 5116 3800 5184 προσόν-

2200 5232 2311 5268 των
2343 5214 2617 5283 ἐκατέρῳ,
2654 5210 2827 5279 μείζω
2873 5209 2975 5281 μὲν
3008 5209 3078 5263 τὰ
3119 5208 3199 5280 τῷ
3227 5207 3445 5278 Πέτρῳ,
3474 5199 3553 5260 ὧν
3577 5207 3627 5259 δ’
3658 5208 3800 5261 ἐκά-

2205 5322 2362 5375 τερος
2393 5304 2599 5374 ἐνδεὴς,
2620 5304 2752 5374 ῥᾷον
2781 5301 2848 5357 ἂν
2873 5302 3082 5373 Πέτρος
3111 5299 3146 5371 ἢ
3175 5298 3388 5363 Παῦλος
3417 5298 3795 5371 ἀνεπλήρωσε

2204 5396 2267 5449 τὸ
2295 5395 2495 5462 ἐνδέον,
2541 5395 2636 5449 καὶ
2674 5393 2821 5448 τοῦτ’
2865 5392 3104 5464 ἐδείχθη.

2276 5485 2499 5556 Δοθήτω
2522 5487 2637 5549 τοῖς
2659 5485 2981 5548 ἀποστόλοις
3006 5483 3289 5541 κάνταῦθα
3305 5483 3369 5538 τὸ
3388 5480 3594 5553 σεμνὸν
3613 5484 3681 5536 ἐκ
3698 5481 3801 5536 τοῦ

2211 5578 2329 5630 ῐσου
2364 5578 2461 5631 κα)⁵
2482 5578 2541 5631 τὸ
2577 5578 2868 5648 ὑπερέχειν
2897 5576 3146 5646 ἀλλήλων
3173 5578 3233 5630 ἐν
3266 5575 3426 5647 μέρει
3452 5574 3553 5627 καὶ
3585 5574 3803 5644 ὑπερέ-

2212 5667 2406 5735 χεοθαι
2436 5668 2669 5737 ἰσοπαλῆ
2696 5668 2797 5738 τὴν
2824 5668 2983 5739 νίκην
3032 5669 3257 5723 ίστάτω.
3308 5665 3426 5720 Οὑκ
3454 5665 3666 5735 ἄδηλον
3700 5667 3805 5734 μὲν

2213 5758 2304 5810 οῦν
2329 5758 2404 5821 ὡς
2430 5760 2640 5829 ἀνάγκη
2666 5779 2756 5832 μοι
2778 5762 2922 5813 πᾶσα
2948 5762 3057 5822 τοῖς
3079 5756 3372 5827 ἐγκωμίοις
3388 5754 3567 5825 ἀρχὴν
3593 5758 3809 5810 ἐνδζντι
