3996 6202
262 304 401 371 1025

1280 312 1689 373 ΕΝΟΟΜΙΗΜ
1738 314 1843 372 SS.
1885 312 2107 372 PE'l‘iil
2156 314 2247 373 ET
2274 314 2527 377 PAULI.

3389 316 3524 381 1026

268 420 531 493 καὶπρὸς
573 420 642 475 τά
678 422 804 492 ἑξῆς
848 423 985 477 ίέναι
1033 426 1126 477 τοῦ
1176 426 1336 493 λόγου
1361 443 1376 457 ο
1417 428 1747 497 αἰσθάνομαι
1807 429 1846 479 δ’

1960 432 2083 491 riui,
2127 445 2432 483 sermonem
2458 430 2647 485 ordine
2674 431 2947 498 prosequi.
2982 431 3140 499 Atqai
3167 430 3347 485 sentio
3379 433 3524 499 apud

259 514 321 567 ού
369 512 633 567 τοσοῦτον
666 508 749 576 οἷς
797 513 1083 583 διεξῆλθεν
1127 519 1458 586 κουφότερον
1513 519 1735 589 ἐμαυτῷ
1782 521 1841 573 τὸ

260 606 495 675 πρᾶγμα
524 605 820 673 προϐαῖνον
853 606 979 660 ὅσον
1010 608 1122 670 τοῖς
1154 608 1372 661 ἐπιοῦσι
1400 608 1719 678 βαρύτερον,
1748 609 1841 663 καί

262 713 357 766 μοι
406 696 549 750 δοκῶ
594 696 786 767 ὥσπερ
830 698 912 760 είς
955 698 1282 770 λαϐύρινθον
1331 700 1590 753 εἰσελθὼν
1621 703 1746 755 ὅσον
1774 702 1841 756 ἂν

260 788 525 859 ἐνδοτέρω
563 788 658 843 τοῦ
712 790 1111 861 μηχανήματος
1160 793 1417 861 γίνομαι,
1464 791 1716 845 τοσοῦτον
1747 794 1841 846 καὶ

258 880 697 948 δυσχερεστέραν
742 881 973 950 ἐμαυτῷ
1013 882 1457 947 κατασκευάζειν
1508 884 1608 955 τὴν
1640 885 1838 950 ἔξοδον.

260 974 372 1028 Καὶ
413 973 523 1043 γὰρ
560 972 628 1028 αὖ
670 974 832 1027 τοῦτο
863 975 1063 1045 διπλῆν
1117 993 1205 1045 μοι
1238 975 1338 1046 τὴν
1386 978 1623 1045 ἀπορίαν
1668 978 1844 1029 ἐπιτι-

261 1065 500 1135 Θεμένην
527 1067 657 1137 ὁρῶ.
695 1067 913 1120 Πολλῶν
953 1066 1063 1137 γὰρ
1098 1069 1436 1138 πολλαχόθεν
1468 1069 1840 1139 συρῤεόντων,

262 1158 298 1210 ὃ.
343 1176 426 1219 τις
480 1156 547 1211 ἂν
588 1160 876 1213 ἐπαινέσαι
939 1160 1052 1211 τῶν
1109 1160 1425 1213 ἀποστόλων
1484 1160 1607 1212 οὔτε
1660 1160 1696 1214 ἃ
1737 1159 1844 1229 χρὴ

262 1251 510 1317 λέγοντα,
547 1251 671 1303 ἐπεὶ
711 1251 918 1309 πάντα,
944 1250 1021 1319 μὴ
1051 1250 1279 1304 δυνατὸν
1330 1251 1438 1302 τῶν
1490 1252 1666 1305 ἄλλων
1706 1253 1843 1304 ἁπο-

268 1341 516 1411 σχέσθαι,
550 1343 733 1412 εὑρεῖν
760 1344 875 1395 ἐστι
906 1341 1110 1413 ῥᾴδιον,
1135 1340 1251 1394 οὔθ’
1282 1341 1498 1411 εὑρόντι
1529 1342 1837 1409 προσηκόν-

264 1446 372 1492 τως
403 1430 619 1498 ἑκάστῳ
642 1430 923 1497 διαιτῆσαι
952 1432 1049 1484 καὶ
1084 1433 1321 1500 φανῆναι
1346 1432 1461 1494 τοῖς
1498 1429 1739 1499 πρώτοις
1774 1430 1842 1483 τὰ

266 1522 460 1590 πρῶτα
488 1521 750 1591 γέμοντα.
786 1523 851 1573 Τί
877 1522 988 1594 γάρ
1027 1525 1086 1575 ὲν
1126 1524 1338 1586 τούτοις
1370 1522 1626 1592 δεύτερον
1679 1522 1845 1592 χαλε·

264 1615 366 1666 πὶν
423 1613 607 1681 ἔμοιγε
664 1613 933 1682 συνιδεῖνς
983 1615 1057 1667 Οὐ
1108 1614 1241 1684 γὰρ,
1277 1614 1497 1667 πάντων
1544 1614 1846 1665 καλλίστων

263 1705 455 1770 ὄντων,
484 1704 545 1758 τὺ
598 1705 817 1759 κάλλιον
870 1706 1015 1771 ἀξιοῖ
1060 1722 1143 1769 τις
1195 1706 1407 1773 ζητεῖν,
1444 1705 1599 1759 οὐδὲν
1654 1706 1715 1758 ἐκ
1751 1705 1845 1757 τοῦ

1954 536 2037 574 me
2075 522 2358 589 negotium
2398 538 2503 575 non
2537 538 2697 589 :cquo
2747 522 2884 592 pede
2934 522 3235 590 procedere
3268 536 3327 577 ut
3377 523 3522 590 apud

1949 614 2235 677 asscclas;
2280 624 2333 667 et
2364 614 2495 667 mihi
2539 615 2729 668 videor
2778 616 2831 668 in
2886 615 3267 687 labyrinthum
3304 617 3524 669 venisse

1951 716 2061 769 quo
2094 702 2266 762 magis
2296 702 2606 755 machinam
2632 710 2885 772 penetro,
2910 719 2976 757 eo
2996 703 3364 767 difficiliorem
3389 704 3519 755 mihi

1952 790 2155 843 exitum
2190 790 2389 857 parari.
2423 790 2638 844 Etenim
2668 791 2800 843 mihi
2834 790 3111 861 duplicem
3147 790 3523 845 difficultatem

1950 880 2261 949 impositam
2298 880 2475 934 video.
2522 881 2655 934 Cum
2692 883 2838 936 enim
2878 883 3046 935 multa
3101 882 3343 951 undique
3386 896 3524 936 con-

1949 975 2119 1026 lluaut
2173 988 2299 1041 qum
2349 973 2473 1041 quis
2524 973 2710 1027 laudet
2756 976 2810 1027 in
2862 973 3128 1043 apostolis
3175 989 3353 1044 neque
3396 989 3521 1039 qua:

1946 1065 2419 1134 Oporteatdicere,
2464 1080 2587 1118 cum
2626 1081 2733 1118 non
2779 1065 2894 1119 fieri
2939 1066 3112 1135 possit
3151 1075 3268 1119 uta
3311 1067 3523 1119 caeteris

1947 1157 2289 1211 abstineatur
2316 1195 2330 1219 ,
2381 1157 2607 1210 inventu
2665 1157 2841 1211 facilis
2869 1173 2979 1221 res,
3014 1158 3110 1210 sed
3143 1172 3267 1210 cum
3299 1158 3521 1210 inventa

1945 1248 2073 1310 erit,
2117 1260 2480 1314 congruenter
2524 1247 2830 1315 compositu
2869 1248 3161 1301 difficilior.
3196 1247 3337 1313 Quid
3373 1248 3518 1300 enim

1950 1342 2000 1393 iu
2046 1340 2133 1393 his
2179 1340 2426 1393 secundo
2466 1339 2587 1390 loco
2626 1339 2855 1391 difficile
2906 1347 2992 1393 est
3040 1338 3363 1392 intellectu?
3402 1337 3521 1391 Non

1947 1432 2117 1494 enim,
2177 1445 2303 1484 cum
2348 1430 2529 1483 omnia
2574 1429 2940 1499 pulcherrima
2992 1431 3125 1494 sint,
3175 1429 3374 1499 aliquis
3404 1430 3524 1498 pul-

1947 1521 2135 1576 chrius
2168 1522 2451 1590 requirere
2490 1522 2850 1586 dignaretur;
2910 1522 3045 1575 nihil
3097 1537 3163 1575 ex
3226 1522 3325 1575 hoc
3374 1522 3521 1589 quod

1947 1631 2160 1682 aequum
2190 1623 2294 1679 est,
2338 1622 2395 1668 ut
2430 1630 2532 1683 ego
2568 1626 2720 1681 puto,
2750 1615 3001 1678 laborat;
3039 1615 3132 1669 sed
3186 1614 3313 1668 dico
3348 1629 3525 1681 neque

1952 1704 2060 1757 illis
2085 1720 2205 1772 qua:
2225 1705 2670 1773 superpositione
2701 1702 2961 1757 dicuntur
2997 1702 3114 1757 fore
3155 1711 3215 1756 ut
3238 1702 3364 1772 jure
3390 1702 3523 1771 quid

264 1796 409 1850 κατὰ
458 1796 637 1864 λόγον,
676 1796 752 1859 ὡς
805 1794 939 1862 γοῦν
987 1795 1100 1863 ἐγὼ
1149 1796 1359 1865 νομίζω
1395 1798 1568 1859 πονεῖ,
1601 1796 1745 1864 λέγω
1791 1796 1846 1849 δὲ

1953 1796 2247 1870 sublimius
2285 1795 2522 1858 dicatur,
2583 1803 2638 1848 et
2707 1809 2831 1847 eum
2891 1794 3077 1847 omnia
3126 1809 3235 1848 non
3273 1794 3527 1861 pulcher-

267 1888 404 1956 μήτε
459 1887 569 1941 τῶν
617 1888 743 1942 καθ’
796 1888 1097 1959 ὑπέρθεσιν
1147 1888 1458 1957 λεγομένων
1499 1889 1724 1951 δικαίως
1776 1888 1843 1941 ἂν

264 1976 595 2047 ὑψηλότερόν
653 1996 709 2031 τι
749 1978 943 2046 λεχθὲν
1003 1978 1103 2033 καὶ
1152 1971 1212 2031 οὗ
1270 1979 1489 2031 πάντων
1540 1979 1842 2032 καλλίστων

263 2067 434 2118 ὄντων
485 2066 560 2130 ὡς
606 2068 826 2137 εἴρηται
867 2067 927 2119 τὸ
970 2067 1192 2120 κάλλιον
1235 2068 1483 2136 βούλεταί
1525 2085 1611 2130 τις
1654 2067 1841 2119 λαϐεῖν

263 2160 323 2211 ο)
363 2159 564 2227 μᾶλλον
587 2160 645 2213 ἓν
670 2162 951 2215 ὁποιονοῦν
979 2163 1219 2230 τιμήσας
1259 2163 1584 2231 φανήσεται,
1609 2162 1642 2232 ἢ
1670 2161 1843 2215 τᾶλλα

262 2252 361 2313 τῆς
405 2252 615 2316 οίκείας
643 2254 1005 2325 ὑποδεέστερα
1037 2254 1215 2319 δείξας
1249 2254 1546 2323 ὑπεροχῆς.
1590 2254 1681 2307 Ἐν
1712 2253 1839 2305 τού-

264 2360 377 2405 τοις
416 2344 599 2398 τοίνυν
653 2346 832 2409 καλῶς
875 2346 939 2399 ἂν
968 2346 1112 2414 ἕλειν
1146 2347 1369 2415 ἐμαυτῷ
1416 2346 1627 2414 οἴομαι,
1664 2349 1725 2399 τὸ
1765 2346 1844 2416 τῷ

264 2435 444 2504 χρόνῳ
483 2436 632 2505 μόνῳ
680 2438 1083 2509 προτάττεσθαι
1115 2439 1328 2492 δίκαιον
1364 2439 1519 2503 δόξαν
1552 2441 1646 2491 καὶ
1696 2438 1845 2506 πρῶ-

264 2543 356 2577 τον
387 2527 510 2579 ἐκθε
522 2529 669 2597 μένῳ
702 2532 961 2599 περὶτῶν
991 2530 1167 2584 ἄλλων
1196 2530 1270 2594 ὡς
1303 2532 1370 2583 ἂν
1411 2529 1644 2583 ἕκαστον
1691 2530 1836 2583 ἐπίοι

267 2616 540 2686 διεξιέναι,
578 2620 736 2674 τοῦτο
780 2621 837 2674 τέ
885 2640 974 2690 μοι
1022 2622 1168 2675 κατὰ
1212 2623 1433 2675 πάντων
1464 2624 1521 2674 ὲν
1554 2621 1838 2691 κεφαλαίῳ

1948 1888 2085 1940 rima
2126 1886 2262 1949 sint,
2300 1894 2362 1938 ut
2392 1887 2597 1939 dictum
2640 1895 2747 1945 est,
2804 1884 2948 1952 quod
2979 1896 3059 1940 est
3094 1884 3379 1954 pulchrius
3409 1882 3525 1935 vult

1949 1978 2159 2046 aliquis
2190 1978 2492 2044 obtingere,
2539 1993 2646 2031 non
2708 1978 2881 2046 magis
2932 1994 3098 2031 unum
3141 1977 3527 2047 qualecunque

1946 2078 2030 2124 est
2061 2070 2411 2123 honoravisse
2444 2069 2735 2132 videbitur,
2771 2085 2938 2137 quam
2966 2081 3164 2123 cmtera
3205 2066 3348 2122 infra
3396 2081 3527 2137 pro-

1948 2164 2120 2232 priam
2146 2162 2458 2215 facultatem
2495 2170 2859 2215 monstrasse.
2902 2161 3059 2215 Circa
3120 2162 3233 2215 base
3271 2160 3525 2228 equidem
3600 2182 3611 2189 ~

1952 2255 2086 2307 bene
2150 2269 2235 2306 me
2290 2242 2493 2306 habere
2550 2253 2747 2317 credo;
2799 2268 2923 2305 nam
2987 2260 3203 2320 tempus
3251 2251 3527 2318 justitiam

1950 2348 2274 2415 comprobat
2321 2346 2685 2417 singulorum.
2750 2345 2881 2399 Mibi
2928 2346 3147 2413 quidem
3212 2344 3265 2397 id
3312 2354 3526 2399 certum

1952 2447 2069 2495 est,
2108 2442 2251 2506 quod
2291 2446 2613 2491 cmterorum
2664 2438 2799 2490 ordo
2855 2437 3096 2490 secundo
3145 2450 3362 2496 semper
3407 2436 3529 2489 loro

1938 2544 2042 2598 est,
2080 2543 2132 2583 ιί
2180 2533 2318 2595 quod
2347 2532 2529 2585 omnia
2560 2532 2713 2599 signa
2750 2530 2804 2584 in
2832 2529 3167 2583 circulotum
3191 2529 3369 2599 prima
3403 2543 3527 2582 cum

1938 2622 2184 2676 secunda
2210 2631 2497 2691 apparent.

267 2715 665 2785 προειρημένον
702 2716 863 2779 ἔστω,
894 2718 967 2779 ὼς
998 2720 1066 2770 τά
1110 2718 1357 2770 ἑκάστων
1392 2719 1477 2771 ἀεὶ
1501 2718 1735 2787 δεύτερα
1763 2722 1828 2790 τῇ
1869 2719 2021 2783 τάξει
2062 2719 2265 2787 ἥκιστα
2316 2719 2537 2771 πάντων
2582 2718 2676 2769 καὶ
2724 2717 2823 2787 τὴν
2875 2716 3033 2781 ἀξίαν
3093 2715 3345 2785 ἡγεῖσθαι
3407 2717 3528 2773 δεύ-

263 2830 397 2881 τερα
444 2814 573 2885 χρὴ,
604 2815 742 2870 ἀλλὰ
800 2817 978 2871 πάντα
1028 2821 1247 2872 πάντων
1300 2821 1491 2890 ὥσπερ
1551 2822 1608 2874 ὲν
1647 2822 1832 2892 κύκλῳ
1871 2825 2075 2891 σημεῖα
2108 2823 2202 2875 καὶ
2248 2824 2439 2892 πρῶτα
2472 2824 2564 2876 καὶ
2594 2824 2844 2893 δεύτερα.

341 2914 566 2980 Πρῶτον
591 2911 772 2965 τοίνυν
804 2914 891 2968 ἵνα
917 2915 980 2985 δὴ
1014 2918 1229 2986 πρῶτον
1254 2917 1393 2971 εἴπω
1416 2918 1517 2988 (δεῖ
1547 2919 1655 2988 γάρ
1685 2919 1848 2971 ποθὲν

266 3006 582 3073 ἄρξασθαι),
622 3012 749 3078 περὶ
786 3009 886 3075 τῆς
915 3011 1023 3064 τῶν
1058 3013 1379 3069 ἀποστόλων
1412 3014 1506 3065 ἐπὶ
1543 3013 1643 3083 τὴν
1686 3015 1847 3083 χάριν

2031 2921 2270 2975 Primum
2303 2920 2489 2990 igitur,
2547 2932 2604 2973 ut
2640 2922 2873 2989 primum
2913 2920 3083 2974 dicam
3115 2920 3353 2989 (oportet
3379 2915 3524 2968 enim

1953 3013 2203 3067 alicunde
2259 3014 2543 3083 incipere),
2615 3014 2681 3067 de
2739 3011 3115 3079 apostolorum
3172 3010 3226 3063 in
3287 3006 3521 3079 gratiam

266 3101 513 3163 κλίσεως
557 3103 789 3165 είκότως
844 3102 910 3156 ἂν
958 3104 1070 3173 ἔχοι
1117 3105 1218 3172 τὴν
1274 3106 1525 3172 γλῶτταν
1567 3106 1647 3176 τῷ
1700 3105 1846 3174 λόγῳ

1952 3106 2238 3159 vocatione
2299 3105 2436 3159 bene
2488 3115 2635 3160 esset
2693 3104 2935 3174 linguam
2995 3116 3253 3158 sermone
3307 3101 3418 3165 uti;
3473 3108 3529 3152 et

266 3184 524 3261 χρῆσθαι,
565 3196 661 3247 καὶ
688 3195 956 3262 πάρεστιν
987 3198 1121 3266 ήαῖν
1160 3200 1187 3249 ὁ
1227 3198 1420 3267 Σωτὴρ
1448 3198 1586 3263 μετὰ
1614 3198 1712 3267 τὴν
1744 3214 1848 3250 σω·

271 3287 509 3355 ματεκὴν
545 3286 624 3347 είς
655 3287 868 3359 ἀνδρῶν
892 3288 1108 3354 ἡλικίαν
1142 3288 1325 3357 ἄφιξιν
1353 3290 1444 3341 καὶ
1475 3289 1534 3340 τὸ
1560 3288 1847 3358 βάπτισμα

266 3378 451 3429 οὶκέτι
471 3378 811 3446 συσκιάζειν,
834 3380 947 3433 ἀλλ’
972 3382 1253 3449 ἐκφαίνειν
1276 3380 1598 3450 βουλόμενος
1622 3381 1845 3448 ἑαυτήν.

273 3469 384 3521 Καλ⁸
402 3468 512 3522 δεῖν
536 3471 792 3539 ἐγνωκὼς
819 3473 1099 3542 μάρτυρας
1120 3473 1219 3541 τῆς
1236 3472 1402 3524 αὐτοῦ
1431 3471 1728 3533 πολιτείας,
1754 3469 1848 3523 καὶ

270 3559 371 3625 τῆς
427 3561 537 3613 τῶν
597 3562 894 3629 θαυμάτων
955 3564 1270 3627 ἐπιδείξεως
1329 3561 1847 3631 προσλαμϐάνεσθαι

272 3653 719 3721 προσλαμϐάνων
752 3655 815 3725 δὴ
852 3656 1068 3724 πρῶτον
1103 3656 1360 3709 ἁπάντων
1397 3654 1494 3707 σὺν
1522 3652 1599 3721 τῷ
1636 3651 1849 3719 ἁδελᾳῷ

272 3745 465 3813 Πέτρῳ
490 3745 583 3798 καὶ
610 3747 641 3813 ἡ
667 3747 971 3816 πρόσληψις
997 3749 1436 3817 παραμείϐοντος
1458 3746 1555 3815 τὴν
1581 3744 1849 3797 θάλατταν

269 3836 582 3899 Γαλιλαίας,
609 3838 707 3891 εἶτ’
724 3836 819 3891 οὖν
842 3838 1038 3907 λίμνην
1057 3836 1373 3909 Τιϐεριάδα,
1397 3841 1490 3890 καλ⁸
1515 3839 1711 3899 ἰδόντος
1735 3838 1851 3889 ἐκεῖ

269 3931 363 3995 καὶ
400 3929 727 3991 καλέσαντος
758 3932 850 3982 καὶ
879 3930 1054 3982 ὀπίσω
1084 3931 1249 3983 αὑτοῦ
1294 3932 1428 3983 ίέναι
1460 3931 1846 3997 κελεύσαντος,

271 4022 361 4072 καὶ
412 4021 597 4074 άλείαν
628 4020 933 4092 ἀνθρώπων
982 4022 1096 4075 ἀντ’
1142 4024 1340 4093 ἰχθύων
1372 4024 1847 4092 ἐπαγγειλαμένου

269 4112 499 4177 διδάξειν
540 4116 635 4167 καὶ
672 4116 732 4167 τὸ
772 4114 865 4168 τοῦ
913 4116 1110 4178 ἁλιέως
1154 4115 1432 4181 εὐπειθὲς,
1467 4116 1543 4179 ὡς
1588 4118 1723 4185 ταχὺ
1758 4116 1851 4169 καὶ

270 4206 303 4272 ὴ
338 4206 444 4257 τῶν
480 4205 710 4260 δικτύων
758 4207 894 4272 μετὰ
939 4209 1037 4271 τῆς
1067 4209 1260 4279 τέχνης
1297 4208 1599 4276 άπόκτησις
1651 4210 1744 4260 καὶ
1792 4208 1850 4261 τὸ

270 4297 497 4349 ἔπεσθαι
548 4297 627 4366 τῷ
672 4299 989 4363 καλέσαντι,
1027 4300 1198 4360 οὕτως
1237 4301 1270 4351 ὁ
1318 4301 1525 4369 Πέτρος
1583 4300 1846 4369 ϐάττονῆ

268 4387 359 4437 τὸν
395 4389 669 4458 ἡμέτερον
720 4390 879 4457 λόγον
914 4392 1111 4454 είπείν,
1146 4392 1239 4443 καὶ
1288 4394 1567 4460 ὑπήκουσε
1608 4391 1703 4442 καὶ
1740 4406 1848 4459 μα·-

1952 3198 2106 3252 adest
2137 3200 2296 3252 nobis
2337 3198 2592 3251 Salvator
2628 3207 2753 3266 post
2809 3211 3135 3266 corporeum
3169 3195 3235 3248 ad
3273 3193 3528 3248 humiucs

1949 3292 2265 3358 adventum,
2306 3301 2360 3346 et
2410 3292 2681 3360 baptisma
2740 3291 2981 3345 nondum
3023 3291 3377 3355 obumbrare,
3429 3290 3526 3343 sed

1952 3384 2308 3439 lll8llifc>liil'8
2344 3385 2537 3439 volens
2570 3401 2629 3438 se
2663 3385 2866 3452 ipsum,
2900 3395 2953 3437 et
2984 3384 3206 3451 cognito
3240 3396 3376 3451 opus
3403 3396 3529 3436 esse

1953 3477 2180 3530 testibus
2248 3476 2484 3529 civitatis
2549 3476 2689 3545 ejus,
2745 3484 2801 3530 et
2856 3473 3133 3527 miraculis
3199 3471 3526 3541 probalivis,

1949 3565 2199 3620 adhibuit
2263 3568 2500 3635 primum
2559 3581 2685 3620 cum
2759 3564 2925 3619 fratre
2979 3563 3221 3619 Petrum.
3292 3561 3353 3616 Et
3424 3577 3519 3615 as-

1952 3661 2191 3726 sumptio
2220 3658 2364 3712 illius
2395 3674 2518 3711 cum
2553 3657 3049 3727 praeterveheretur
3089 3670 3236 3709 mare
3268 3653 3524 3717 Galilmm,

1950 3760 2042 3804 aut
2076 3750 2251 3803 lacum
2287 3748 2612 3810 Tiberiadis,
2645 3758 2699 3803 et
2736 3748 2964 3803 vidisset
2997 3747 3069 3801 ibi
3124 3755 3181 3801 et
3213 3744 3528 3800 vocavissct

1951 3853 2003 3895 et
2030 3849 2328 3894 retrorsum
2365 3840 2442 3893 ire
2473 3840 2761 3908 jussisset,
2810 3848 2865 3893 et
2916 3840 3186 3909 piscatum
3238 3839 3523 3891 hominum

1953 3948 2049 4000 pro
2086 3933 2311 4002 piscium
2344 3934 2551 4002 piscatu
2587 3934 2960 4002 praecepisset,
2985 3942 3037 3985 et
3063 3933 3357 4000 piscatoris
3391 3929 3525 3983 obe-

1951 4023 2179 4087 dientia,
2219 4040 2381 4093 quam
2414 4024 2617 4079 velocis
2660 4026 2855 4077 retium
2912 4040 3033 4078 cum
3084 4033 3202 4078 arte
3260 4024 3526 4088 desertio,

1952 4132 2115 4186 quam
2194 4115 2453 4169 velociter
2498 4115 2749 4183 sequitur
2803 4116 3123 4169 vocantem!
3188 4116 3267 4168 sic
3331 4114 3527 4169 Petrus

1953 4206 2101 4259 dicto
2143 4205 2308 4259 citius
2348 4204 2614 4269 obedivit,
2647 4212 2701 4258 et
2731 4204 3030 4274 discipulus
3077 4203 3255 4260 factus
3280 4205 3350 4258 iri
3403 4205 3529 4257 inde

1954 4295 2210 4350 discessit
2245 4310 2260 4347 :
2290 4296 2370 4349 sic
2411 4309 2531 4347 cum
2572 4294 2900 4362 piscaretur,
2923 4294 3206 4363 ignorabat
3227 4312 3283 4349 se
3317 4296 3526 4364 p'scatu

1956 4397 2177 4458 captqu
2214 4387 2447 4441 multaut
2488 4403 2591 4443 suo
2628 4389 2835 4457 piscatu
2880 4389 3115 4444 meliori.
3151 4388 3241 4443 Sic
3277 4387 3530 4442 Salvator

269 4479 439 4548 θητὴς
469 4481 681 4535 ἐκεῖθεν
710 4482 942 4551 μετέϐη,
972 4480 1148 4544 οὕτως
1178 4483 1411 4535 ἁλιεύων
1444 4480 1634 4535 ἔλαθεν
1663 4480 1844 4533 ἁλιευ-

1955 4496 2081 4535 eum
2107 4480 2198 4549 qui
2224 4479 2537 4549 piscaturus
2558 4488 2758 4533 terram
2796 4480 3107 4534 universam
3133 4489 3271 4543 erat,
3305 4479 3419 4549 ipse
3447 4482 3532 4549 pi-

270 4570 382 4633 θεὶς
412 4571 603 4625 άλείαν
649 4574 752 4641 τῆς
797 4575 1003 4635 οἰκείας
1047 4574 1227 4643 πολλῷ
1273 4574 1585 4643 κρείττονα,
1622 4571 1795 4635 οὕτως
1826 4574 1853 4625 ὁ

269 4662 459 4735 Σωτὴρ
511 4665 603 4717 τὸν
652 4666 752 4735 τὴν
819 4665 1153 4736 οἰκουμένην
1208 4666 1477 4736 μέλλοντα
1529 4665 1854 4734 σαγηνεύειν

267 4754 431 4818 αὐτὸς
486 4756 948 4827 ὲσαγήνευσεν,ἢ
1000 4758 1201 4827 μᾶλλον
1259 4758 1471 4827 σαγήνη
1525 4756 1604 4827 τῷ
1658 4757 1850 4827 Πέτρῳ

268 4848 619 4917 χρησάμενος
670 4850 803 4901 εἵσω
853 4848 1089 4902 δικτύων
1147 4850 1243 4920 τὴν
1300 4847 1632 4919 οἰκουμένην
1693 4848 1855 4899 συνέ-

271 4945 483 4996 κλεισεν
507 4960 520 4973 '
548 4935 595 5010 ᾧ
638 4942 818 4995 τοίνυν
857 4943 951 4994 καὶ
1010 4943 1165 5010 λόγος
1217 4944 1374 5008 μόνος
1423 4943 1677 5012 ἤρκεσεν,
1714 4940 1854 4993 ὥστε

268 5035 379 5086 τῶν
410 5035 467 5086 ἐν
513 5034 701 5102 χερσὶν
733 5034 1006 5102 ἀφέμενον
1036 5033 1353 5086 ἀκολουθεῖν
1384 5034 1460 5102 τῷ
1490 5032 1768 5096 καλοῦντι,
1798 5032 1851 5084 τί

270 5141 404 5176 π.τε
433 5125 611 5177 δοκεῖν
641 5125 789 5187 εἰκός
821 5126 935 5180 ἐστι
976 5126 1169 5181 παθεῖν
1202 5126 1268 5179 ἂν
1302 5128 1432 5196 περι
1465 5124 1555 5178 τὸν
1586 5126 1851 5180 διδάσκαδ

268 5213 361 5265 λον
414 5215 605 5283 λόγους
659 5232 718 5267 τε
782 5214 1028 5279 ἐκείνους
1095 5216 1325 5278 πολλοὺς
1402 5218 1498 5270 καὶ
1569 5218 1855 5284 γενναίους

271 5306 681 5375 είσδεδεγμένον
733 5309 827 5361 καὶ
892 5307 1172 5377 τραπέζης
1251 5308 1346 5359 καὶ
1403 5306 1550 5360 ἀλῶν
1612 5308 1855 5376 συνεχῶς

271 5399 706 5468 κεκοινωνηκότα
754 5402 865 5464 τοῖς
920 5399 1401 5469 πεπολιτευμένοις
1450 5416 1510 5451 τε
1570 5401 1709 5452 πᾶσι
1760 5402 1855 5452 καὶ

270 5490 919 5559 τεθαυματουργημένοις
970 5489 1137 5561 μέχρι
1199 5490 1385 5552 τέλους
1430 5489 1853 5559 παρηκολουθη-

273 5580 409 5632 κότα
441 5582 796 5647 παντάπασι;
823 5581 983 5650 δῆλόν
1019 5585 1134 5634 ἐστι
1169 5582 1352 5633 πᾶσαν
1387 5582 1681 5649 παρελθεῖν
1714 5584 1852 5649 ἀγά-

274 5690 386 5741 πης
417 5674 743 5743 ὑπερϐολὴν,
776 5676 869 5727 καὶ
903 5677 1009 5745 μὴν
1052 5676 1145 5727 λαί
1188 5674 1401 5727 τοσόνδε
1436 5692 1488 5727 τι
1543 5674 1853 5744 προθυμίας

274 5759 428 5832 οἶμαι
493 5768 767 5835 περιεῖναι
818 5766 897 5836 τῷ
961 5766 1246 5836 ἁποστὸλῳ
1310 5766 1383 5831 ὡς
1438 5766 1599 5835 εἴπερ
1652 5766 1852 5836 ᾔσθετο

1957 4582 2143 4628 scatus
2170 4582 2287 4639 est;
2322 4581 2416 4626 aut
2447 4573 2630 4642 potius
2662 4580 2921 4642 tauquam
2962 4587 3160 4642 Sagena
3204 4572 3364 4625 Petro
3395 4589 3529 4628 usus

1956 4666 2098 4719 intra
2128 4666 2266 4719 retia
2300 4673 2501 4719 terrain
2533 4664 2849 4720 universam
2912 4665 3180 4719 includit:
3216 4665 3303 4720 cui
3338 4680 3533 4734 nempe

1955 4766 2010 4812 et
2041 4772 2206 4811 unum
2268 4756 2493 4811 verbum
2546 4757 2682 4812 satis
2736 4756 2837 4813 fuit
2873 4766 2955 4819 ut,
2999 4772 3120 4826 qua:
3160 4758 3213 4810 iu
3274 4758 3539 4811 manibus

1955 4860 2117 4906 erant
2153 4849 2418 4915 dimissis,
2483 4857 2773 4904 vocantem
2809 4861 3156 4919 sequeretur.
3195 4850 3335 4915 Quid
3376 4860 3533 4919 putas

1956 4959 2056 5014 pro
2089 4943 2347 5012 Magistro
2373 4943 2527 4996 illum
2554 4940 2835 4997 facturum
2871 4957 2995 4996 esse
3038 4951 3323 5011 pustquam
3365 4941 3561 4994 verba

1957 5038 2128 5091 multa
2154 5045 2205 5090 et
2240 5036 2447 5091 nobilia
2496 5036 2733 5105 accepit,
2770 5044 2825 5089 et
2873 5050 3077 5089 mensa:
3116 5049 3180 5089 ac
3236 5034 3368 5087 salis
3395 5047 3537 5101 quo-

1960 5130 2205 5184 tidianus
2247 5143 2477 5183 consors
2502 5127 2628 5193 fuit,
2682 5136 2737 5182 et
2782 5128 3038 5182 omnibus
3074 5134 3168 5180 aut
3218 5125 3539 5179 actionibus

1958 5231 2049 5276 aut
2081 5221 2359 5275 miraculis
2390 5221 2458 5275 ad
2487 5220 2651 5274 finem
2690 5234 2865 5289 usque
2910 5218 3134 5272 adfuit?
3177 5215 3531 5271 Manifestum

1958 5323 2042 5370 est
2096 5313 2248 5368 illum
2301 5328 2519 5367 omnem
2559 5313 2766 5369 amoris
2817 5310 3046 5379 gradum
3121 5318 3530 5376 transgressum

1958 5420 2080 5459 esse
2112 5419 2126 5456 :
2177 5416 2228 5456 et
2268 5410 2420 5455 certe
2470 5410 2683 5455 tantmu
2715 5402 2928 5454 ardoris
2961 5400 3013 5453 iu
3051 5397 3301 5465 apostolo
3357 5396 3535 5450 fuisse

1958 5496 2123 5549 credo
2167 5502 2248 5558 ut,
2291 5493 2338 5549 si
2396 5491 2737 5562 praevidisset
2771 5490 2888 5543 fore
2940 5498 2999 5542 ut
3049 5503 3108 5542 se
3147 5486 3402 5557 Magister
3436 5500 3535 5539 vo-

1958 5596 2129 5647 caret,
2154 5600 2342 5639 vocem
2370 5582 2611 5652 Magistri
2640 5579 3114 5650 prmccssissetﬁt
3135 5591 3268 5630 sane
3288 5573 3536 5646 quidem,

1960 5679 2108 5733 nullo
2138 5677 2417 5743 iuterjecto
2448 5686 2712 5742 tempore,
2741 5681 2967 5726 vocatus
3002 5667 3235 5725 accurrit
3261 5686 3275 5733 ;
3306 5676 3359 5721 et
3386 5666 3539 5735 qm»)

1960 5770 2190 5825 habebat
2240 5768 2495 5822 libentius
2523 5769 2685 5821 cessit
2722 5781 2883 5833 quam
2924 5771 3085 5817 antea
3130 5762 3531 5832 acquisii-crat.
