3996 6202
322 252 460 323 1037

1314 265 1720 328 ENCOMlUM
1767 265 1868 326 SS.
1897 265 2124 326 PETRI
2164 266 2261 326 ET
2291 266 2541 328 PAULI.

3428 262 3563 326 lOlS

321 377 398 434 τὸ.
448 374 544 430 καὶ
593 374 752 444 δῆλος
796 370 864 448 ἦν
928 375 1112 446 ῥέπων
1169 377 1327 446 φύσει
1393 397 1449 433 τε
1501 381 1738 441 τοιοῦτος
1791 379 1889 432 ὥν.

2001 379 2131 433 dens
2179 391 2296 434 erat
2345 395 2466 435 eum
2503 379 2571 434 ad
2629 377 2680 432 id
2720 393 3044 448 propensum
3081 387 3136 433 et
3167 388 3360 434 natura
3398 384 3503 433 tale
3529 401 3558 434 ιι

323 465 399 527 Τὸ
446 467 553 538 γὰρ
621 469 824 537 ἀγαθὸν
875 470 1038 538 φύσει
1091 471 1192 526 οὑκ
1252 473 1398 525 ἔστιν
1460 473 1549 526 ὅτε
1598 473 1697 525 οὑκ
1752 476 1887 540 ἀγα-

322 560 413 614 θὸν
471 560 620 613 ἐστιν
679 555 857 614 εἶναι·
903 553 947 629 ᾧ
993 562 1042 615 δ’
1093 559 1243 626 ἅπαξ
1309 559 1484 630 τούτῳ
1539 561 1703 631 φόϐον
1772 563 1886 625 τοῖς

317 651 482 720 ὁρῶσι
515 650 731 704 ἐπέσειε
777 650 872 704 τοῦ
919 650 994 722 μὴ
1030 645 1412 721 ῥᾳθυμοῦντάς
1445 649 1726 721 ὀλιγώρως
1776 650 1885 701 τῶν

321 741 486 796 αὑτοῦ
520 743 693 809 λόγων
744 741 913 812 ἔχειν.
955 742 1129 796 ταῦτά
1176 759 1238 795 τε
1289 743 1388 796 οὑν
1417 743 1657 794 ἐπαινεῖν
1700 758 1785 802 τις
1819 739 1886 794 ἂν

316 833 428 904 ἔχοι
458 835 567 886 τῶν
600 834 912 888 ἀποστόλων
932 835 1026 887 καὶ
1052 835 1275 903 προσέτι
1311 835 1368 886 τὸ
1399 833 1604 887 τούτων
1635 831 1881 900 εὐπρόσ-

321 942 432 978 ιτον
475 926 569 977 καὶ
624 927 878 994 κρεῖττον
907 925 985 987 ὡς
1022 925 1080 977 ὲν
1119 925 1281 995 ζήλῳ,
1304 919 1518 986 παντὸς
1553 924 1887 991 ἰδεῖν-μεγά-

317 1013 410 1065 λου
441 1015 788 1084 φρονήματος
808 1031 823 1045 ο
855 1013 930 1075 ῶς
963 1015 1058 1067 καὶ
1085 1013 1218 1083 δρῦν
1243 1014 1310 1068 ἂν
1345 1016 1439 1068 καὶ
1467 1014 1684 1083 ἀδάμαν
1703 1033 1755 1065 -α
1783 1031 1886 1082 μα-

318 1103 474 1168 λάξαι
505 1106 690 1158 ἱκανὸν
723 1102 886 1173 εἶναι,
923 1109 1016 1159 καὶ
1050 1107 1110 1159 τὸ
1135 1106 1263 1168 τοὺς
1295 1107 1524 1169 ἁλόντας
1555 1109 1666 1170 τοῖς
1706 1107 1886 1158 αὐτῶν

318 1195 500 1262 λόγοις
527 1197 697 1265 μηδὲν
728 1196 874 1266 ἔχειν
907 1199 986 1260 εἰς
1039 1197 1069 1250 ὅ
1105 1216 1155 1250 τι
1193 1199 1260 1250 ἂν
1307 1198 1681 1267 ποθεινότερον
1715 1197 1886 1266 ξρῷεν

320 1286 460 1354 πλὴν
493 1301 558 1351 γε
588 1286 714 1347 τοὺς
745 1287 1096 1348 ἀποστόλους.
1138 1286 1200 1338 Ei
1247 1287 1355 1355 γὰρ
1406 1288 1470 1339 ἐκ
1509 1286 1674 1354 φόϐου
1706 1303 1763 1338 τε
1793 1288 1887 1339 καὶ

320 1376 614 1447 θηοιωδὶας
647 1380 805 1444 μῖσος
834 1379 891 1429 ὲν
923 1381 1038 1440 τοῖς
1060 1379 1394 1448 ἀρχομένοις
1421 1378 1532 1429 τῶν
1564 1377 1708 1430 οὕτω
1741 1397 1770 1446 χ
1783 1395 1887 1445 ρω-

324 1467 499 1536 μένων
531 1466 716 1528 αὑτοῖς
746 1469 841 1519 καὶ
873 1468 1131 1533 γεννᾶται
1157 1469 1250 1518 καὶ
1279 1466 1580 1530 ἐπιδίδωσι,
1604 1466 1710 1518 τῶν
1745 1466 1888 1518 εἰκό-

319 1573 427 1609 των
458 1556 524 1609 ἂν
554 1557 640 1626 εἴη
684 1556 744 1609 τὸ
800 1560 1038 1620 ἐπιεικές
1072 1574 1130 1609 τε
1184 1558 1282 1610 καὶ
1333 1555 1656 1626 ὑφειμένον,
1694 1557 1885 1628 πόρρω

318 1651 584 1719 κειμένης
609 1650 706 1718 τῆς
743 1650 982 1713 εὑθείας,
1009 1650 1344 1719 δημιουργὸν
1369 1650 1577 1719 ἔρωτος
1613 1648 1884 1716 γίνεσθαι.

1992 485 2143 535 esse;
2180 471 2379 524 bonum
2433 472 2577 525 enim
2631 479 2822 526 natura
2878 486 2982 524 non
3043 478 3147 533 est,
3197 487 3322 526 cum
3361 474 3560 527 bonum

1986 575 2110 614 esse
2136 575 2244 615 non
2277 561 2418 615 licet.
2451 562 2549 616 Cui
2576 576 2703 615 wro
2734 561 2900 615 semel
2933 571 3196 616 terrorem
3230 563 3556 628 incusserat,

1990 664 2058 701 ne
2093 666 2188 718 per
2239 651 2504 720 ignaviam
2557 667 2745 719 parum
2800 653 2917 722 ejus
2943 652 3106 707 verba
3167 662 3459 716 curarent;
3493 669 3558 709 ea

1992 741 2213 794 laudare
2240 743 2363 812 quis
2391 744 2565 812 possit
2590 745 2996 812 apostolorum?
3043 743 3105 797 Et
3139 755 3397 811 prteterea
3428 745 3561 802 faci-

1987 834 2056 887 lis
2102 849 2290 888 eorum
2351 851 2606 890 accessus
2635 836 2687 890 in
2721 837 2906 890 ze'atis
2945 837 3075 891 viris
3128 837 3328 905 aliquid
3381 837 3562 906 magni

1989 936 2142 993 erat;
2175 937 2226 980 ιιι
2263 937 2314 980 et
2371 943 2628 996 quercum
2665 941 2718 982 et
2755 932 3098 982 adatnantcm
3135 931 3322 984 molles
3375 930 3562 985 reddi-

1991 1018 2136 1072 disse
2165 1017 2300 1071 satis
2329 1029 2535 1083 essent,
2567 1027 2620 1072 et
2656 1019 2730 1074 illi
2778 1022 2871 1089 qui
2923 1021 3064 1086 capti
3118 1020 3333 1074 fuerant
3366 1035 3555 1075 eorum

1990 1109 2337 1162 sermonibus
2377 1097 2506 1164 nihil
2542 1110 2807 1164 haberem
2839 1112 2982 1179 qttod
3033 1112 3450 1168 desiderabilius
3479 1112 3560 1167 vi-

1991 1200 2170 1265 deam,
2218 1204 2459 1269 exceptis
2519 1201 2804 1269 apostolis.
2846 1205 2903 1256 Si
2937 1204 3082 1257 enim
3136 1218 3200 1258 ex
3258 1206 3452 1260 timore
3501 1215 3561 1258 et

1993 1290 2205 1344 feritate
2234 1290 2418 1344 odium
2455 1291 2507 1345 in
2540 1292 2775 1346 suhd‘tis
2808 1292 3024 1345 illorum
3055 1295 3147 1361 qui
3182 1294 3254 1349 ita
3279 1311 3337 1350 se
3362 1303 3558 1364 gerunt

1990 1382 2230 1450 gignitur
2285 1392 2336 1434 ct
2367 1383 2582 1446 crescit,
2614 1384 2908 1438 verisimile
2959 1395 3103 1438 esset
3156 1385 3298 1452 quod
3357 1388 3559 1440 docens

1989 1481 2072 1524 est
2102 1482 2148 1524 ct
2186 1472 2493 1537 remissum,
2529 1475 2687 1543 longe
2718 1476 2940 1529 dimissa
2975 1489 3122 1531 recta
3155 1478 3258 1536 via,
3281 1486 3557 1531 auctorem

1989 1563 2193 1616 amoris
2249 1564 2388 1620 ﬁeri.
2421 1564 2536 1619 Non
2581 1567 2766 1632 igitur,
2808 1576 2864 1619 ιιι
2895 1568 3098 1620 dictum
3154 1578 3261 1630 est,
3290 1568 3453 1637 ltttjtts
3481 1571 3556 1620 rei

1991 1653 2290 1724 periculum
2341 1655 2589 1711 fecerunt
2638 1660 2812 1712 solum
2863 1659 2960 1712 zeli
2995 1661 3187 1727 quoin
3240 1661 3559 1728 magbtntnt

316 1743 394 1794 Ού
421 1743 601 1795 τοίνυν
629 1735 774 1815 ᾗπερ
817 1742 1032 1812 εἴρηται
1075 1743 1271 1809 πεῖραν
1305 1740 1510 1808 ταύτην
1556 1740 1746 1792 ἔδοσαν
1793 1739 1886 1806 μδ-

2001 1747 2287 1810 ardebant,
2351 1749 2444 1802 sed
2489 1749 2654 1802 etiam
2720 1750 2772 1802 in
2833 1750 3082 1806 homines
3116 1752 3340 1807 amoris.
3380 1750 3563 1816 Neque

319 1851 410 1886 νον
448 1833 541 1887 τοῦ
574 1834 672 1887 ύπὲ
683 1851 714 1903 ρ
746 1832 1069 1887 διδασκάλου
1100 1828 1323 1903 ζηλοῦν,
1362 1831 1500 1884 ἀλλᾶ
1540 1831 1635 1884 καὶ
1661 1830 1720 1882 τὸ
1748 1833 1885 1900 πρδς

318 1927 444 1988 τοὺς
475 1927 560 1978 ἀν’
581 1926 796 1996 ρώπους
834 1925 1153 1994 συμπαθές*
1195 1923 1306 1977 οὐδ’
1335 1923 1402 1978 ἂν
1447 1923 1592 1976 εἴποι
1620 1939 1707 1985 τις
1741 1923 1889 1983 ὅσοις

321 2019 662 2072 ἐϐεϐαίωσαν
707 2021 821 2081 τοῖς
871 2018 1323 2087 ὲξενηνεγμένοις
1369 2017 1506 2087 προς
1555 2015 1718 2069 τοῦτο
1768 2015 1889 2083 δόγ-

327 2130 482 2182 μασι.
515 2113 624 2164 Καὶ
652 2112 760 2181 γὰρ
793 2111 1117 2181 συνήχθοντό
1153 2127 1210 2162 τε
1253 2110 1610 2180 λυπουμένοις
1632 2111 1726 2162 καὶ
1765 2125 1890 2160 συν-

324 2204 514 2272 ήδοντο
550 2202 760 2269 βέλτιον
794 2203 1128 2273 πράττουσιν
1171 2203 1235 2255 ἐκ
1288 2202 1398 2254 τῶν
1429 2200 1611 2254 αὐτῶν
1645 2201 1887 2266 ἑκάτερα

325 2293 624 2364 λογισμῶν·
655 2296 748 2347 καὶ
779 2296 914 2365 ὅπερ
945 2295 1042 2348 οὑκ
1070 2295 1134 2347 ἂν
1167 2293 1356 2364 ἕτερός
1398 2311 1481 2355 τις
1511 2292 1650 2364 πλὴν
1679 2293 1890 2345 τούτων

327 2382 650 2451 σεμνύναιτο
703 2382 814 2434 οὐδ’
840 2383 977 2450 ὑπὲρ
1018 2383 1212 2434 ἑαυτοῦ
1249 2384 1544 2452 τολμήσειε
1605 2382 1888 2452 σχεδιάσαι

325 2475 572 2544 ἀνάθεμα
627 2469 770 2527 εἶναι
824 2474 929 2528 ἀπὸ
986 2475 1225 2544 Χριστοῦ
1279 2475 1421 2545 ὑπὲρ
1477 2473 1586 2527 τῶν
1636 2475 1888 2542 ἀδελφῶν

335 2567 587 2637 ηὑχοντοο
619 2566 778 2620 τοῦτο
829 2567 1044 2620 πάντων
1090 2567 1288 2629 αὐτοὺς
1318 2565 1394 2618 ῶν
1435 2567 1550 2620 ὅσοι
1597 2566 1890 2634 γεγόνασιν

323 2661 685 2729 ὑπερτίθησιο
741 2662 898 2712 τοῦτο
950 2661 1161 2722 πάντας
1201 2661 1344 2711 ποιεῖ
1386 2659 1542 2728 νικᾷν
1593 2660 1658 2711 ὲκ
1691 2656 1889 2712 πολλοῦ

323 2753 418 2805 τοῦ
461 2754 771 2822 κρείττονος
830 2751 1148 2821 καινότερον
1203 2749 1486 2812 εὐσεϐείας
1539 2751 1636 2802 καὶ
1686 2751 1889 2820 ἀρετῆς

323 2841 461 2907 εἶδος
494 2847 604 2908 τοῖς
639 2845 1007 2914 καλλιτέχνοις
1037 2838 1448 2912 δημιουργηθὲν
1476 2844 1576 2894 καὶ
1611 2843 1889 2912 ἀμίμητον

324 2925 567 3007 ζηλῶσαι
596 2937 710 2996 τοῖς
733 2934 872 3003 μετά
909 2933 1130 2994 τούτους
1159 2930 1546 2999 καταλειφθέν.
1587 2931 1728 3000 Πρὸς
1762 2929 1889 2983 τοῦθ

225 3026 230 3032 ’
322 3033 384 3083 τό
417 3045 499 3095 τις
528 3027 690 3099 δρῶν,
713 3025 788 3097 μὴ
818 3021 1272 3094 προπολεμοῦντα
1305 3024 1515 3076 παίδων
1552 3021 1884 3090 θαυμαζέτω

325 3124 540 3191 πατέρα
583 3119 709 3190 μηδ’
738 3118 997 3188 ἀριστέας
1054 3117 1507 3186 προμαχομένους
1535 3114 1742 3175 τάξεως
1765 3130 1780 3145 ⁶
1814 3113 1888 3174 ὡς

323 3217 375 3268 εἱ
410 3215 502 3268 καὶ
535 3211 758 3273 τούτους
816 3209 1058 3276 συμϐαίη
1105 3209 1314 3269 πεσεῖν,
1367 3209 1479 3269 τοῖς
1519 3221 1582 3273 γε
1633 3204 1700 3256 δι’
1735 3203 1834 3266 οὓς
1865 3206 1892 3256 ὁ

325 3303 497 3373 ἀγὼν,
532 3297 940 3368 ἀσφαλεστέραν
988 3295 1088 3367 τὴν
1149 3297 1428 3366 σωτηρίαν
1480 3295 1776 3361 γενέσθαι.
1829 3295 1892 3346 οὑ

327 3397 554 3468 μέτριον
587 3393 696 3462 γὰρ
729 3389 978 3444 ἐνταυθοῖ
1025 3388 1086 3441 τὺ
1115 3387 1303 3457 μέσον,
1367 3385 1484 3440 ἀλλ’
1532 3385 1646 3438 ῐσον
1679 3386 1894 3456 οὐρανῷ

327 3502 389 3538 τε
420 3486 554 3554 πρδς
585 3483 688 3552 γῆν
739 3483 833 3534 καὶ
866 3480 1024 3539 αἰῶνι
1067 3476 1204 3548 πρὸς
1245 3479 1396 3549 βίον,
1451 3478 1576 3532 καὶ»
1601 3481 1715 3539 τοῖς
1761 3481 1895 3531 ἀπο-

335 3577 543 3636 στόλοις
579 3574 713 3642 πρὸς
753 3576 878 3634 τοὺς
907 3572 1148 3624 τοιούσδε
1193 3571 1255 3624 τὸ
1285 3572 1575 3642 ὑπερέχον,
1609 3571 1660 3623 τί
1697 3571 1765 3624 ἄν
1807 3588 1892 3634 τις

331 3669 482 3735 ἄξιον
517 3665 628 3734 ἔχον.
659 3667 834 3730 λέγειν
871 3664 1002 3732 πρὸς
1030 3662 1198 3716 ταῦτα
1225 3680 1240 3728 ;
1276 3663 1339 3716 Οἱ
1375 3664 1482 3733 γὰρ
1509 3663 1632 3733 μηδ’
1664 3662 1732 3716 ἂν
1778 3663 1897 3714 δνο-

336 3777 415 3827 μα
466 3755 560 3808 τοῦ
601 3753 931 3824 χωρισθῆναι
966 3754 1204 3825 Χριστοῦ
1238 3754 1558 3822 ἑνεγκδντες
1591 3748 1673 3816 οἷς
1719 3752 1898 3820 θλίψις

335 3856 431 3905 καὶ
482 3848 815 3916 στενοχωρία
863 3847 957 3899 καὶ
993 3846 1094 3898 δτα
1124 3844 1328 3898 τούτων
1374 3845 1672 3898 ὑποθέσθαι
1721 3843 1897 3914 βαρύ·

331 3958 467 4012 τερα
497 3942 591 4006 καὶ
625 3938 738 4010 ζωὴ
770 3940 863 3989 καὶ
906 3937 1128 4004 ἄγγελοι
1180 3937 1279 4014 καὶ.
1326 3938 1426 3989 ὅσα
1480 3937 1579 4007 τῆς
1615 3937 1898 4006 ἀκηράτου

335 4033 542 4101 λήξεως
578 4031 754 4101 μικρὰ
780 4029 812 4098 ἢ
842 4027 996 4080 οὑδὲ-θ
1032 4027 1229 4082 ἐδόκει.
1263 4019 1362 4091 Ὦς
1396 4027 1607 4082 ἐκεῖθεν
1639 4027 1900 4095 ἀφέλκειν

333 4120 616 4184 δύνασθαι,
645 4120 853 4181 τούτοις
891 4120 942 4172 οἱ
989 4117 1208 4188 Χριστῷ
1263 4117 1332 4171 δι’
1384 4117 1569 4172 αὑτῶν
1621 4118 1900 4187 προσαγό·

337 4231 490 4284 μενοι
532 4213 884 4280 ἀφέλκοντες,
913 4212 1016 4264 οὑκ
1048 4210 1282 4264 ἐλύπουν
1309 4226 1324 4241 ⁸
1352 4210 1462 4263 τῶν
1492 4212 1602 4280 γὰρ
1626 4211 1807 4263 αὐτῶν
1835 4206 1903 4282 ἦν

333 4309 605 4380 δήπουθεν
633 4307 792 4376 ὑπὲρ
818 4323 877 4358 τε
909 4305 1147 4376 Χριστοῦ
1200 4310 1296 4358 καὶ
1337 4298 1413 4358 ὧν
1460 4307 1668 4368 ἐκεῖνος
1717 4305 1905 4359 ἕνεκεν

2001 1837 2148 1890 dicat
2186 1838 2381 1906 aliquis
2407 1841 2626 1909 quantis
2671 1840 2772 1894 hoc
2832 1842 3275 1896 conﬁrmaverint
3298 1843 3462 1898 illatis
3495 1855 3560 1896 at

1998 1926 2047 1979 id
2076 1928 2507 1994 probationibus.
2536 1929 2743 1986 Etenim
2793 1942 2846 1987 et
2876 1933 3185 1988 dolentibus
3212 1935 3564 1988 condolesce-

1999 2020 2204 2092 Ιιιιιιιρι
2243 2020 2574 2076 felicioribus
2629 2039 2735 2076 una
2788 2024 3201 2094 congattdcbant
3250 2041 3314 2079 et
3363 2025 3553 2080 iisdem

1998 2113 2250 2181 utrinque
2319 2114 2854 2180 ratiocinationibus;
2916 2127 2968 2170 et
3017 2116 3162 2186 quod
3223 2133 3383 2170 nemo
3417 2117 3560 2174 alios

1995 2203 2234 2272 exceptis
2267 2203 2373 2257 illis
2396 2219 2506 2272 prae
2527 2219 2586 2258 se
2613 2204 2849 2271 tulisset,
2881 2221 3054 2272 neque
3080 2220 3176 2274 pro
3201 2206 3380 2276 seipso
3399 2223 3565 2262 ausus

1996 2305 2140 2348 esset
2168 2294 2445 2358 inchoare,
2507 2293 2812 2358 depositum
2855 2309 2974 2350 esse
3001 2313 3029 2348 a
3063 2297 3282 2350 (:Inisto
3335 2313 3432 2366 pro
3456 2297 3566 2352 fra-

2001 2389 2173 2442 tribus
2203 2389 2591 2456 gloriabantur.
2638 2388 2752 2443 Hoc
2791 2390 2913 2444 illos
2941 2392 3198 2444 o-nnihns
3252 2391 3567 2460 quicunque

2001 2479 2220 2533 filerunt
2259 2480 2632 2548 pramellentcs
2682 2479 2856 2535 facit:
2900 2481 3000 2535 hoc
3060 2481 3188 2536 facit
3231 2497 3420 2538 omnes
3449 2485 3567 2536 vin-

1997 2585 2122 2624 ccrc
2157 2586 2283 2625 cum
2339 2571 2698 2626 novissimum
2752 2574 2965 2641 pietatis
3026 2582 3080 2629 et
3116 2573 3332 2628 virtutis
3383 2589 3571 2629 exem-

2000 2662 2144 2729 plum
2181 2661 2430 2716 dederint
2457 2660 2708 2716 ell‘ectum
2753 2662 2956 2732 optime
2981 2672 3034 2717 et
3086 2662 3409 2719 inimitabile
3432 2681 3568 2720 ven-

2001 2753 2138 2806 turis
2198 2753 2511 2807 hominibus
2563 2753 2835 2808 relictum.
2899 2753 3030 2807 Illud
3079 2755 3298 2822 quidem
3367 2755 3568 2824 aliquis

2003 2847 2324 2915 respiciens,
2357 2862 2461 2900 non
2495 2855 2822 2915 pugnantem
2867 2863 2963 2914 pro
2989 2849 3132 2901 natis
3163 2856 3369 2914 patrem
3404 2850 3570 2904 mire-

2001 2948 2111 3002 tur,
2135 2955 2241 2992 non
2272 2940 2544 3009 principes
2573 2947 2700 2993 ante
2730 2939 2976 2994 ordinem
3021 2952 3446 3011 pr0pngnantes,
3480 2949 3562 3006 ut,

1999 3045 2307 3099 quanquam
2349 3029 2556 3084 accidat
2591 3038 2648 3084 ιιι
2687 3031 2905 3093 cadant,
2941 3030 3049 3085 illis
3074 3031 3270 3099 quibus
3295 3041 3567 3087 certamen

1993 3131 2094 3178 est.
2126 3120 2328 3179 certior
2359 3119 2506 3174 salus
2568 3122 2679 3174 liat.
2743 3118 2860 3175 Non
2924 3122 3259 3176 moderatum
3296 3126 3440 3178 enim
3481 3124 3572 3178 hic

1994 3211 2136 3280 quod
2192 3209 2426 3268 medium
2454 3220 2558 3272 est,
2600 3211 2695 3264 sed
2741 3213 2948 3280 aequale
2978 3206 3210 3275 βιωτιζεί
3241 3229 3366 3268 cum
3424 3224 3570 3269 terra

1997 3302 2342 3361 conferatur.
2383 3310 2439 3355 et
2485 3314 2690 3354 aeterno
2759 3304 3033 3373 tempori,
3062 3304 3108 3357 si
3137 3321 3260 3360 cum
3332 3307 3568 3360 humana

1995 3394 2140 3454 vita,
2215 3401 2270 3444 et
2333 3391 2614 3459 apostolis,
2650 3391 2693 3445 si
2746 3407 2867 3447 cum
2937 3396 3147 3448 caeteris
3230 3395 3561 3460 hominibus,

1996 3483 2142 3552 quod
2172 3494 2414 3552 supcrat.
2461 3483 2602 3548 Quid
2647 3484 2845 3550 aliquis
2875 3484 2986 3551 jam
3025 3500 3191 3560 super
3231 3500 3297 3542 .ca
3334 3485 3572 3552 adjicere

1996 3587 2027 3625 e
2061 3587 2118 3625 re
2159 3587 2280 3626 esse
2309 3574 2562 3627 censeat?
2589 3573 2637 3627 ls
2664 3573 2808 3627 enim
2839 3575 2926 3642 qui
2957 3588 3024 3627 ne
3070 3577 3294 3628 verbu-n
3343 3576 3563 3644 quidem

1998 3665 2216 3718 Christo
2272 3665 2635 3733 separationis
2688 3665 2962 3729 tulissent,
3015 3665 3218 3733 quibus
3250 3667 3494 3722 anxietas
3521 3674 3578 3722 tt

2000 3757 2262 3822 angustia:
2288 3764 2416 3809 sunt
2452 3764 2505 3808 et
2534 3771 2765 3824 qumque
2793 3757 2876 3809 his
2904 3755 3126 3821 cogitari
3182 3765 3408 3824 possunt
3438 3758 3579 3812 diill-

2002 3848 2221 3908 ciliora,
2271 3855 2324 3900 et
2380 3847 2486 3900 vita
2528 3853 2581 3900 et
2632 3845 2807 3913 angeli
2833 3855 2887 3898 et
2938 3845 3120 3899 omnia
3161 3861 3280 3915 qnte
3324 3847 3577 3901 immistm

2003 3938 2198 4008 qnictis
2220 3946 2366 4001 sunt,
2395 3952 2558 4006 parva
2589 3951 2681 3991 seu
2716 3936 2948 3990 nihilum
2982 3933 3338 3996 videbantur;
3365 3945 3422 3991 ut
3452 3937 3542 3991 ind
3562 3957 3576 3986 ε

2004 4030 2321 4084 abstrahere
2357 4030 2556 4099 possis,
2582 4030 2688 4084 illis
2710 4029 2802 4098 qui
2844 4028 2910 4081 ad
2946 4027 3221 4081 Chrislum
3247 4043 3342 4096 per
3368 4044 3462 4083 cos
3485 4032 3580 4081 avl-

2005 4121 2370 4184 ducebantur,
2395 4122 2768 4184 detrahentes,
2811 4118 2958 4174 haud
2984 4134 3123 4185 :cgre
3175 4119 3450 4181 ferebant;
3497 4131 3578 4174 et-

2005 4212 2147 4267 enim
2171 4223 2288 4266 erat
2319 4212 2530 4266 illorum
2571 4226 2670 4282 pro
2699 4211 2918 4267 Christo
2950 4219 3004 4264 et
3035 4211 3123 4264 bis
3143 4225 3376 4280 quorum
3403 4227 3570 4264 causa

2008 4302 2263 4359 Christus
2298 4304 2538 4373 seipsum
2576 4301 2822 4368 dederat,
2877 4311 3095 4371 paratos
3127 4318 3250 4356 esse
3298 4303 3577 4372 quodcun-

334 4400 529 4453 ἑαυτὸν
560 4397 876 4467 παρέδωκεν
900 4395 1151 4464 ἑτοίμους
1183 4391 1326 4449 εἶναι
1359 4396 1468 4448 πᾶν
1510 4397 1689 4449 ὁτιοῦν
1718 4396 1894 4449 κινδυ-

2005 4408 2111 4464 que
2141 4393 2302 4462 objici
2342 4402 2517 4462 potest
2563 4392 2865 4463 periculum
2916 4392 3088 4456 adire,
3120 4403 3172 4447 et
3199 4391 3332 4447 illud
3386 4397 3576 4461 praeci-

336 4491 534 4543 νεύειν·
571 4489 664 4542 καὶ
702 4489 863 4558 τοῦτο
915 4488 1212 4556 κεφάλαιον
1252 4487 1438 4549 αὑτοῖς
1471 4487 1582 4540 τῶν
1619 4488 1764 4540 κατὰ
1800 4489 1905 4541 πᾶ-

339 4597 438 4635 σαν
467 4582 572 4650 γῆν
598 4597 658 4633 τε
689 4580 784 4632 καὶ
822 4579 1098 4633 θάλασσαν
1133 4578 1364 4648 μακρῶν
1409 4577 1635 4631 ἐκείνων
1663 4577 1901 4632 διαύλων

341 4673 762 4741 συνεπεραίνετο
796 4669 1002 4739 μηδένα
1048 4669 1160 4722 τῶν
1198 4669 1458 4722 ἁπάντων
1505 4669 1901 4737 ἀπολειφθῆναι

337 4763 436 4832 τῆς
465 4759 786 4831 βασιλείας,
837 4757 937 4810 κᾶν
987 4758 1038 4810 ei
1082 4775 1138 4810 τι
1179 4757 1290 4811 δέοι
1323 4757 1520 4811 παθεῖν
1563 4760 1697 4824 περὶ
1750 4759 1903 4811 ταῦτ’

337 4845 559 4922 ἔχοντας
585 4871 600 4882 ο
635 4851 728 4904 τοῦ
771 4850 879 4918 γὰρ
911 4848 1037 4910 τοὺς
1086 4848 1281 4910 ἀλλους
1341 4849 1511 4902 σῶσαι
1565 4849 1626 4902 τὺ
1677 4850 1906 4912 ἑαυτοὺς

338 4945 536 4998 πολλοῦ
578 4960 720 5006 τινος
778 4943 883 4994 ἔδει
933 4941 1120 5011 μεῖξον
1154 4942 1428 5013 ἡγεῖσθαιο
1465 4941 1613 4996 οὕτω
1663 4942 1808 5011 μέγα
1845 4941 1907 4995 τὸ

337 5037 598 5104 τόλμημα
647 5035 742 5086 καὶ
793 5032 968 5094 οὑτως
1023 5032 1304 5102 ὑπερφυὲς
1349 5034 1602 5103 ἑννοῆσαι
1633 5033 1775 5086 ῶστε
1809 5033 1908 5086 καὶ

341 5129 421 5188 είς
448 5128 653 5194 ἄπορον
679 5125 966 5178 ἐκπίπτειν
1000 5123 1052 5176 τί
1093 5123 1160 5177 ἄν
1205 5140 1290 5186 τις
1318 5124 1396 5194 τῷ
1426 5125 1571 5192 λόγῳ
1601 5130 1866 5194 χρήσαιτο
1891 5166 1907 5189 ,

343 5219 462 5282 πῶς
536 5215 632 5269 τοῦ
686 5216 851 5268 αὑτοῦ
898 5215 1106 5284 εἴχοντο
1139 5215 1528 5278 ἀδιασπάστως
1571 5217 1664 5269 καὶ
1711 5215 1912 5269 ἀποπι-

343 5325 504 5363 πτειν
556 5309 617 5359 οὑ
681 5305 1061 5376 παρῃτοῦντο.
1107 5307 1380 5374 Μέγιστον
1439 5307 1540 5375 μὲν
1585 5302 1680 5360 οὖν
1733 5306 1911 5370 τοῦτο,

346 5401 466 5462 πῶς
498 5400 609 5469 γὰρ
651 5397 712 5450 οὑ
744 5413 760 5464 ;
798 5397 994 5467 μικρὸν
1038 5397 1096 5450 δὲ
1124 5398 1238 5451 οὐδ’
1270 5398 1468 5450 ἐκεῖνο·
1501 5399 1596 5451 καὶ
1622 5397 1730 5467 γὰρ
1761 5397 1917 5452 ἀδελ-

277 5502 279 5504 ·
344 5493 443 5560 φὺν
477 5491 553 5561 τῷ
589 5491 842 5559 προτέρῳ
870 5489 962 5541 καὶ
994 5489 1146 5558 παρά
1169 5487 1428 5542 τοσοῦτον
1457 5487 1517 5540 οὑ
1543 5489 1743 5542 ταυτὸν
1778 5489 1909 5556 παρ’

345 5589 469 5642 ὅσον
521 5587 580 5640 ού
636 5588 749 5648 τοῖς
803 5586 988 5647 αὑτοῖς
1039 5583 1269 5653 ὀνόμασι
1305 5579 1654 5650 προηνέχθη·
1691 5580 1751 5631 τὸ
1802 5584 1911 5651 γὰρ

2011 4499 2177 4554 puum
2219 4485 2328 4538 illis
2358 4485 2564 4538 nullum
2603 4484 2656 4537 in
2693 4485 2946 4538 universa
2974 4491 3140 4551 terra,
3196 4499 3376 4554 neque
3413 4485 3576 4540 etiam

2011 4577 2132 4630 illos
2161 4576 2252 4645 qui
2288 4575 2425 4628 ultra
2464 4589 2612 4628 mare
2663 4585 2852 4642 erant;
2890 4577 3126 4644 relinqui
3180 4577 3232 4630 in
3268 4592 3434 4647 regno
3464 4579 3578 4641 Dei,

2011 4669 2374 4737 quodcunque
2423 4665 2494 4718 sit
2521 4665 2664 4733 quod
2691 4666 2797 4736 pati
2831 4657 3106 4734 Oporterct
3130 4683 3224 4721 eos
3257 4669 3348 4736 qui
3384 4667 3436 4721 id
3468 4683 3590 4721 sns-

2010 4757 2289 4825 ciperent;
2332 4770 2456 4810 nam
2501 4756 2786 4825 oportebat
2813 4757 2950 4810 alios
2977 4757 3172 4811 salvari
3198 4758 3372 4826 majus
3400 4759 3585 4813 habeti

2011 4863 2174 4918 quam
2206 4848 2250 4903 si
2285 4847 2451 4916 seipsi
2497 4847 2793 4902 salvarent.
2825 4847 2918 4902 Sic
2963 4856 3070 4901 tam
3105 4848 3284 4901 audax
3337 4849 3586 4918 pr0posio

2016 4950 2126 4992 tum
2151 4946 2206 4992 et
2239 4947 2345 4992 tam
2375 4937 2693 4993 incredibile
2742 4938 2980 5007 cogitatu
3009 4947 3112 4999 est,
3147 4947 3201 4990 ut
3236 4938 3288 4992 in
3317 4953 3584 4992 summam

2016 5021 2380 5082 diilieultatem
2443 5027 2705 5082 incideret
2747 5027 2838 5096 qui
2885 5041 2948 5080 ea
2995 5042 3361 5095 exprossurus
3409 5029 3596 5081 verbis

2018 5131 2283 5176 uteretur.
2323 5119 2607 5186 Quomodo
2634 5118 2810 5174 eidem
2854 5120 2930 5173 rei
2984 5119 3122 5173 satis
3149 5119 3593 5173 adluercbantut

2021 5213 2153 5267 nihil
2185 5227 2279 5266 eos
2301 5212 2532 5266 avellere
2562 5220 2766 5280 posset,
2795 5219 2847 5263 et
2875 5210 3130 5264 decidere
3161 5213 3389 5264 nollent.
3415 5208 3585 5263 Maxi-

2023 5319 2171 5360 mum
2212 5318 2344 5358 sane
2379 5305 2480 5357 hoc
2501 5312 2602 5356 est.
2634 5301 2830 5366 Quidni
2857 5303 3004 5354 enim
3027 5302 3051 5353 τ
3075 5301 3304 5354 Parvum
3333 5315 3458 5353 vero
3490 5315 3594 5355 nec

2023 5403 2177 5456 illud.
2211 5399 2343 5454 Nam
2378 5405 2844 5470 consanguineum
2907 5396 3076 5466 priori
3119 5407 3172 5450 et
3229 5399 3251 5448 l'
3282 5411 3338 5448 re
3382 5397 3592 5462 aaqnale

2021 5509 2127 5547 non
2157 5480 2296 5546 idem
2322 5493 2447 5558 quia
2485 5509 2592 5545 non
2612 5491 2804 5545 iisdem
2840 5487 3152 5540 nominibus
3181 5495 3264 5538 cst
3297 5489 3591 5554 prolatum.

2021 5585 2075 5640 ld
2107 5584 2250 5638 enim
2284 5583 2427 5654 quod
2463 5582 2754 5651 cupiebant
2805 5591 2925 5631 sese
2981 5578 3047 5628 ab
3081 5579 3333 5629 omnibus
3388 5577 3603 5632 solutos
