3996 6202
553 269 697 339 Ἰίθῖθθ

1791 258 2088 323 MAXIM!
2137 260 2511 325 PLANUIME

3612 264 3717 327 two

488 442 491 445 .
552 399 690 451 iatio
716 393 945 448 tiliorum
985 385 1076 441 Dei
1110 394 1160 439 et
1191 379 2039 438 deurnm'rectissimetribuitur.
2066 378 2129 433 Et

2250 399 2318 434 rw
2350 381 2616 450 ὀρθότατα
2682 376 2750 432 ἀν
2815 377 2929 447 ἔχοι
2990 378 3082 431 καὶ
3139 375 3270 430 Θεοῦ
3318 377 3444 440 υἱοῖς
3487 381 3569 431 καὶ
3610 382 3719 443 Osci;

560 504 657 557 par
684 496 765 539 est
804 490 860 534 ιιι
903 496 1022 535 cum
1049 492 1156 545 quo
1180 476 1389 529 ratione
1412 481 1677 541 susceme
1709 473 1916 534 carnis,
1955 471 2125 541 inglo-

560 580 695 630 riam
718 576 877 627 \itam
904 580 1115 640 agente.
1137 566 1422 636 ingloriaui
1443 566 1604 619 simul
1626 564 1788 617 vitam
1829 562 2121 625 duxerunt,

558 682 681 720 cum
698 665 883 718 eodem
908 662 973 714 ad
996 658 1266 727 proluiam
1312 656 1536 725 gloriam
1575 665 1879 724 assumpto,
1907 653 2125 723 conglo-

564 760 842 811 rilicentur
871 768 885 804 :
919 762 973 804 ut
1030 751 1254 815 proinde
1299 748 1431 800 milii
1483 747 1777 816 apostolos.
1802 745 1955 814 quasi
2013 745 2126 813 jam

564 846 770 902 tlironis
816 843 1132 907 insidentes,
1150 838 1565 910 contemplanti,
1597 839 1678 893 sic
1709 837 1862 891 altari
1900 837 2080 891 lubeat
2110 853 2124 889 :

632 1003 929 1075 Oportebat
962 1008 1021 1053 ut
1046 1011 1159 1063 vos,
1197 995 1288 1066 qui
1316 1010 1438 1050 cum
1466 992 1642 1049 Verbo
1677 992 2123 1047 multoslabores

563 1094 901 1157 exautlastis,
939 1104 1085 1144 nunc
1122 1087 1538 1141 retributionem
1573 1085 1918 1153 acciperetis.
1976 1083 2131 1137 Nune

567 1189 776 1242 sincera
807 1194 859 1239 et
890 1181 1094 1251 liquida
1128 1178 1374 1248 magistri
1416 1176 1581 1230 vestri
1608 1184 1663 1229 et
1689 1184 1867 1228 vestra
1897 1184 1979 1229 est
2003 1176 2123 1241 glo-

567 1282 668 1333 ria.
702 1274 855 1329 Nune
884 1272 1032 1327 nullo
1052 1285 1188 1338 opus
1218 1278 1301 1324 est
1327 1275 1669 1337 tegumenta,
1703 1274 1758 1319 et
1792 1265 2129 1335 paupertatis

569 1370 806 1436 objectu,
831 1378 991 1435 quam
1019 1363 1146 1416 olim
1175 1360 1228 1413 in
1252 1357 1526 1414 communi
1558 1356 1843 1418 colebatis,
1870 1365 1929 1408 ut
1950 1355 2133 1411 diei-re

569 1475 675 1513 non
710 1458 957 1517 habeam,
1009 1452 1133 1522 quis
1168 1466 1231 1506 ex
1267 1449 1422 1505 vobis
1454 1458 1584 1502 tunc
1621 1448 1791 1517 magis
1826 1447 1987 1501 fuerit
2033 1447 2133 1502 liu-

572 1548 714 1601 milis
744 1556 797 1599 et
845 1544 1114 1613 abiectus,
1143 1539 1267 1608 quis
1300 1538 1474 1607 magis
1530 1550 1756 1604 egenus,
1785 1533 1908 1603 quis
1961 1534 2132 1602 magis

573 1640 896 1697 inhonorus,
961 1634 1079 1699 quis
1116 1630 1358 1698 undique
1415 1627 1696 1696 expulsus,
1728 1626 1851 1694 quis
1896 1626 2132 1694 pessime

2229 471 2611 542 χρηματίζειν.
2648 471 2758 524 Καὶ
2807 462 2852 537 ᾧ
2902 470 3226 539 συνηδόξουν
3285 468 3539 533 ἀδοξοῦντι
3583 471 3720 538 λόγοις

2228 563 2563 631 οἰκονομίας.
2620 560 2797 623 τούτῳ
2849 561 2988 630 μετᾶ
3032 561 3132 630 τῆς
3178 560 3380 623 οἰκείας
3438 562 3555 613 ίόντι
3601 562 3719 631 δόξης

2231 654 2680 722 συνδοξασθῆναι.
2708 655 2874 706 Ὥστε
2907 670 2997 722 μοι
3045 651 3283 714 καὶτοὺς
3311 652 3605 714 ἀποστόλους
3622 653 3717 721 δρᾷν

2229 748 2323 801 ἐπὶ
2347 747 2453 800 τῶν
2475 746 2680 817 θρόνων
2706 746 2801 799 νῦν
2833 746 3154 817 ἱδρυμένους
3178 744 3441 809 δοκοῦντι,
3460 745 3599 797 ταυτὶ
3622 748 3718 816 πρ¹›ς

2231 837 2424 900 αὐτοὺς
2453 836 2633 890 ἔπεισι
2666 836 2847 903 λέγειν
2871 852 2888 869 ο

2301 997 2414 1050 Νῦν
2444 996 2609 1066 ἐχρῆν
2632 996 2777 1066 ὑμᾶς
2816 996 2914 1055 τὰς
2948 994 3207 1065 ἀμοιϐὰς,
3240 987 3285 1048 ὦ
3317 993 3389 1064 τῷ
3429 994 3568 1063 Λόγῳ
3599 994 3724 1049 ποᾺέ

2235 1090 2700 1157 συμπονήσαντες,
2746 1087 3069 1143 ἀπολαϐεῖν.
3132 1086 3250 1139 Νῦν
3306 1085 3513 1155 καθαρά
3568 1088 3625 1140 τὰ
3658 1089 3725 1155 τῆς

2232 1180 2389 1250 δόξης
2433 1180 2511 1250 τῷ
2561 1178 2871 1249 διδασκάλῳ
2911 1196 2976 1232 τε
3032 1180 3128 1231 καὶ
3184 1178 3335 1247 ὑμῖν.
3388 1176 3494 1229 Νῦν
3540 1176 3638 1230 οὐδὲ
3673 1177 3728 1232 δεῖ

2232 1272 2779 1341 παραπετασμάτων,
2836 1270 2956 1323 οὐδὲ
3010 1271 3284 1339 πτωχείας
3330 1269 3727 1339 προδεδλημένης.

2233 1365 2404 1418 Πάλαι
2448 1363 2620 1416 ταῦτα
2672 1364 2869 1426 κοινῶς
2926 1365 3056 1434 ὑμῖν
3096 1364 3346 1431 ἐτιμᾶτο,
3381 1361 3453 1424 ὡς
3484 1362 3588 1431 μηδ’
3620 1360 3731 1430 ἔχειν

2233 1457 2409 1509 εἰπεῖν
2460 1455 2598 1525 μήτε
2648 1456 2793 1515 τότε,
2828 1455 2911 1515 τίς
2985 1455 3189 1524 μᾶλλον
3239 1453 3391 1522 ὑμῶν
3417 1452 3653 1516 ταπεινός,
3674 1453 3732 1514 τίς

2233 1548 2517 1617 ἀκτήμων,
2547 1546 2631 1610 τίς
2658 1547 2875 1615 ἄτιμος,
2908 1546 2994 1607 τίς
3042 1547 3403 1614 ἐλαυνόμενος
3442 1544 3730 1615 πανταχόθεν,

2233 1643 2318 1703 τίς
2370 1639 2830 1710 κακουχούμενος,
2862 1641 2999 1708 μήτε
3047 1638 3162 1701 νῦν,
3193 1639 3278 1702 τίς
3331 1637 3520 1707 μᾶλλον
3549 1637 3732 1706 ὑψηλός·

574 1729 791 1783 habitus
816 1745 830 1793 ;
858 1726 931 1779 ita
955 1733 1009 1778 et
1040 1737 1184 1777 nunc
1229 1730 1471 1775 statuere
1494 1733 1603 1773 non
1635 1732 1883 1787 possum,
1913 1716 2037 1786 quis
2065 1732 2129 1771 ex

2250 1732 2317 1795 τίς
2356 1732 2632 1797 πλούσιος,
2664 1733 2747 1794 τίς
2803 1731 2961 1783 εἵπου
3014 1733 3107 1784 καὶ
3167 1732 3331 1799 μόνον
3381 1727 3735 1798 μνημονωθεὶη,

571 1822 723 1874 vobis
753 1820 823 1874 sit
847 1816 1150 1880 sublimior,
1174 1814 1296 1883 quis
1327 1813 1512 1874 ditior,
1546 1812 1690 1879 quis,
1719 1810 1895 1863 sicubi
1930 1809 2013 1863 vel
2038 1824 2129 1864 so-

576 1918 683 1967 lum
713 1911 915 1965 mentio
949 1909 1068 1977 ejus
1100 1905 1327 1964 incidat,
1363 1903 1549 1957 statim
1582 1902 1901 1961 honoribus,
1933 1899 2132 1969 plausi-

575 2004 675 2057 bus
707 2013 758 2056 et
793 2000 1039 2054 laudibus
1065 2014 1170 2050 non
1194 1994 1520 2048 cutnuletur.
1546 1991 1701 2056 Quis,
1727 1990 1819 2060 qui
1868 2005 2014 2044 nunc
2065 1989 2134 2041 li-

576 2094 888 2150 bentissime
940 2090 1140 2157 ubique
1175 2088 1414 2139 locorum
1472 2082 1782 2151 recipitur?
1833 2080 1988 2149 Quis,
2039 2080 2134 2151 qui

578 2200 721 2241 nunc
754 2191 902 2237 tanta
947 2177 1280 2234 beatitudine
1311 2174 1557 2229 fruitur?
1591 2172 1651 2226 lli
1688 2174 1957 2228 seminum
2016 2173 2135 2228 illo-

578 2294 695 2331 rum
725 2271 977 2341 manipuli
1000 2278 1147 2324 sunt.
1179 2266 1299 2320 llaec
1320 2266 1578 2336 praeclare
1602 2264 1865 2319 factorum
1892 2264 2135 2333 prmmia.

579 2367 671 2420 lla:
699 2362 1062 2420 certaminum
1093 2374 1327 2414 coronae.
1365 2354 1489 2411 llaec
1518 2355 1870 2410 ineﬂabilium
1892 2355 2135 2408 laborum

577 2472 805 2512 merces.
838 2452 1114 2523 Ejusmodi
1153 2464 1298 2504 nunc
1326 2446 1670 2511 divitiarum,
1702 2446 2044 2515 voluptatum
2082 2452 2138 2499 et

578 2551 844 2603 bonorum
881 2545 1031 2614 eupia
1084 2541 1489 2605 circumﬂuitis,
1538 2540 1717 2608 qualis
1773 2538 1903 2592 nulli
1937 2545 2139 2591 morta-

580 2645 730 2705 lium,
772 2640 865 2695 sed
907 2654 1006 2692 nec
1035 2635 1286 2690 omnibus
1315 2632 1478 2688 simul
1533 2647 1769 2701 unquaut
1824 2627 2043 2699 obtigit.
2076 2627 2141 2680 Et

579 2737 624 2790 si
650 2736 774 2803 quis
810 2746 903 2785 vos
945 2728 1211 2791 nominet,
1265 2726 1376 2796 jam
1432 2723 1633 2779 fontem
1670 2722 1913 2777 omnium
1965 2720 2141 2774 bono-

580 2842 702 2878 rum
747 2823 1066 2876 nominavit.

651 2982 719 3031 At
762 2989 1019 3045 quorsum
1054 2973 1227 3027 evasit
1283 2970 1497 3024 oratio?
1532 2985 1652 3022 nam
1692 2984 1813 3021 cum
1877 2969 2141 3037 pericula,

2238 1825 2435 1878 αὐτίκα
2479 1825 2636 1893 τιμαὶ
2682 1824 2775 1876 καὶ
2806 1826 2990 1890 κρότοι
3034 1825 3128 1876 καὶ
3161 1824 3395 1874 ἔπαινοι.
3428 1821 3514 1883 Τίς
3547 1820 3737 1887 ἀσμένως

2236 1920 2302 1974 ἂν
2355 1915 2665 1986 ἁπανταχοῦ
2722 1916 3155 1985 δεχθησόμενοςς
3197 1915 3299 1977 Τίς
3350 1914 3517 1966 συνὼν
3556 1911 3739 1983 τοσαύτῃ

2241 2010 2646 2080 μακαριότητι;
2685 2007 2873 2061 Ταῦτα
2921 2008 3031 2060 τῶν
3092 2009 3424 2075 σπερμάτων
3467 2005 3658 2057 ἐκείνων
3693 2002 3740 2054 τὰ

2237 2104 2511 2172 δράματα.
2551 2100 2723 2154 ταῦτα
2777 2099 2885 2153 τῶν
2943 2099 3395 2168 κατορθωμάτων
3446 2096 3644 2149 ἐκείνων
3694 2093 3743 2145 τὰ

2240 2196 2397 2264 γέρα.
2431 2192 2589 2245 Οῦτοι
2647 2191 2758 2244 τῶν
2791 2190 3185 2259 παλαισμάτων
3237 2192 3286 2242 οί
3334 2188 3605 2258 στέφανον
3630 2180 3742 2249 οὗτος

2237 2290 2266 2342 ὁ
2291 2287 2399 2341 τῶν
2427 2286 2722 2356 ἀμυθήτων
2780 2285 2961 2337 πόνων
3014 2282 3229 2353 μισθός.
3264 2283 3448 2336 Ταῦτα
3494 2281 3579 2333 καὶ
3617 2278 3743 2332 πλον·

2239 2383 2403 2443 τείτε,
2438 2380 2532 2432 καὶ
2565 2376 2870 2431 ἀπολαύετε
2918 2378 3014 2429 καὶ
3046 2375 3312 2445 τιμᾶσθε,
3354 2376 3389 2429 ἃ
3422 2375 3593 2444 μηδεὶς
3622 2372 3745 2442 μηδέ·

2242 2488 2371 2525 ποτε
2414 2469 2526 2522 τῶν
2578 2470 2670 2521 ἐπὶ
2701 2467 2805 2537 γῆς
2844 2470 2901 2521 ἐν
2939 2468 3149 2529 τούτοις
3202 2466 3546 2535 αὐξηθέντων
3584 2462 3747 2531 ἀνθρὼο

2244 2580 2381 2624 πων,
2415 2560 2531 2614 ἀλλ’
2570 2560 2691 2614 οὺδέ
2726 2560 2926 2623 πάντες
2954 2558 3115 2628 ὁμοῦ.
3150 2559 3267 2611 Καὶ
3299 2555 3398 2612 νῦν
3424 2555 3488 2611 ἂν
3510 2556 3633 2628 ὑμᾶς
3655 2555 3749 2624 sing

2240 2648 2344 2723 τις,
2376 2654 2541 2719 εὐθὺς
2571 2654 2716 2709 ἅπαν
2754 2652 3024 2720 ἐδήλωσεν
3054 2650 3287 2719 ἀγαθόν.

2324 2981 2471 3036 ’Λλλ’
2496 2981 2617 3035 ὅθεν
2649 2983 2676 3033 ὁ
2708 2979 2866 3047 λόγος
2897 2977 3096 3047 ἐξέὸης
3132 2976 3166 3031 ἃ
3216 2977 3331 3046 γὰρ
3377 2974 3752 3030 κεκινδυνεύκασι

584 3087 701 3140 qua:
723 3068 949 3138 apos'oli
980 3068 1283 3130 subii-runt,
1316 3064 1685 3132 exposuisset,
1721 3061 1921 3130 adjecit
1951 3065 2137 3116 nescio

2250 3073 2531 3140 διεξελθὼν
2583 3073 2632 3125 οἱ
2686 3070 2997 3133 ἀπόστολοι,
3040 3071 3134 3121 καὶ
3162 3068 3197 3121 ἀ
3234 3069 3543 3137 τετ’μηνται
3568 3066 3641 3117 διὰ
3665 3064 3753 3122 τώς

584 3178 691 3232 quo
729 3169 883 3229 pacto
908 3168 962 3211 et
995 3160 1256 3216 bonmes.
1295 3155 1495 3225 quibus
1525 3154 1593 3208 ob
1626 3153 1866 3222 pericula
1902 3153 2141 3208 cohone-

583 3255 709 3309 stati
733 3261 900 3315 sunt;
934 3250 1103 3318 magis
1134 3256 1313 3301 autem
1363 3246 1716 3301 conveniebat
1750 3245 2049 3314 praidicare
2082 3245 2145 3299 il-

586 3349 689 3400 lam
723 3345 1045 3401 libertatem,
1068 3355 1173 3408 qua
1207 3340 1446 3408 pericula
1478 3348 1865 3399 excusserunt,
1890 3336 2147 3405 quemad-

585 3437 804 3492 tnudui‘n
847 3449 877 3487 a
929 3431 1205 3486 concitan
1246 3441 1406 3484 vento
1439 3428 1652 3483 ﬂannna
1687 3445 1845 3499 quam
1882 3429 2147 3485 altissime

584 3526 913 3583 sustollitur.
957 3523 1012 3577 Si
1047 3523 1169 3592 quis
1200 3522 1535 3582 sciscitetur,
1573 3521 1911 3591 quat-aliene
1938 3522 2148 3575 accide-

584 3626 677 3685 rit,
714 3627 772 3673 ut
807 3616 895 3671 isti
945 3630 1009 3669 ex
1043 3614 1303 3683 periculis
1337 3613 1390 3666 in
1434 3613 1674 3682 pericula
1725 3622 2144 3677 succurrerent;

583 3709 713 3779 quid
755 3707 898 3763 aliud
944 3702 1341 3771 respondentes
1377 3717 1407 3756 a
1436 3705 1663 3757 veritate
1698 3704 1881 3779 minus
1926 3704 2151 3757 aberra-

586 3804 782 3864 bimus,
815 3813 974 3868 quam
1005 3797 1048 3850 si
1079 3796 1345 3860 dicamus,
1372 3795 1675 3849 libertatein
1730 3796 1877 3847 illam
1910 3795 2149 3865 pericula

587 3894 674 3946 illa
710 3887 1034 3961 peperisse?
1065 3886 1126 3938 Et
1158 3886 1377 3955 quidem
1410 3885 1782 3953 quotidianam
1835 3885 2053 3940 illorum
2083 3886 2151 3939 li-

588 3984 849 4037 bertatem
887 3978 1160 4047 explicare
1196 3976 1350 4038 velle,
1375 3976 1578 4045 proprii
1614 3978 1794 4044 operis
1827 3975 2011 4031 fuerit.

659 4118 723 4168 At
756 4114 909 4166 vidua
936 4129 1056 4177 nus,
1087 4127 1191 4180 qua
1220 4110 1471 4164 libertate
1501 4124 1627 4179 erga
1662 4125 1854 4165 omnes
1894 4111 1977 4163 usi
2040 4110 2151 4164 sint

590 4211 826 4262 instante
852 4212 970 4274 post
991 4204 1438 4257 resurrectionem
1465 4201 1808 4256 Pentecoste.
1839 4203 1972 4256 (Inui
2002 4202 2149 4255 enim

592 4300 824 4368 Spiritus
851 4305 1076 4351 sanctus
1105 4295 1172 4348 de
1202 4293 1340 4348 cmlo
1366 4308 1489 4347 cum
1521 4293 1728 4358 sonitu,
1756 4298 1939 4363 specie
1960 4293 2154 4363 ignita-

2244 3168 2522 3228 κινδύνους
2552 3164 2896 3232 προσέθηκεν
2934 3161 3033 3214 οὐκ
3062 3157 3161 3213 οἷδ’
3188 3161 3365 3219 ὅπως.
3401 3156 3503 3211 Ἦν
3523 3158 3574 3210 δὲ
3605 3156 3754 3223 μᾶλλον

2244 3259 2532 3315 ἀκόλουθον
2562 3258 2660 3326 τὴν
2694 3255 3010 3326 παρρησίαν
3042 3257 3217 3306 εἰπεῖν
3256 3253 3326 3305 δι’
3360 3246 3428 3321 ἦς
3462 3244 3753 3320 ἀνερῤίτιζην

2246 3350 2370 3412 τοὺς
2416 3346 2727 3415 κινδύνους,
2758 3346 2835 3408 ὡς
2889 3343 2995 3397 ὑπὸ
3048 3343 3283 3413 σςοοδροῦ
3337 3341 3627 3409 πνεύματος
3665 3332 3757 3403 φὶ²ιξ

2248 3443 2326 3503 εἰς
2363 3439 2619 3509 μέγιστον
2659 3437 2895 3505 αἴρεται.
2928 3435 3037 3486 Καὶ⁸
3072 3435 3182 3502 γὰρ
3215 3434 3272 3486 εἰ
3302 3450 3388 3495 τις
3430 3431 3613 3499 ἔροιτο,
3640 3423 3758 3476 πόθεν

2247 3528 2394 3584 οῦτοι
2442 3529 2710 3591 κινδύνοις
2771 3527 2837 3579 ἐκ
2887 3525 3150 3578 κινδύνων
3202 3524 3447 3595 ὡμίλουν
3506 3521 3602 3586 ἀεὶ,
3637 3518 3679 3572 τί
3718 3514 3759 3568 ἃ)

2247 3625 2432 3692 ἓτερον
2462 3621 2495 3691 ἢ
2531 3620 2630 3689 τὴν
2662 3616 2978 3687 παρρησίαν
3030 3616 3244 3686 μητέρα
3297 3617 3408 3670 τῶν
3457 3614 3685 3668 κινδὶνων
3711 3608 3760 3658 εἰ·

2249 3715 2465 3779 πόντες,
2496 3711 2596 3780 τῆς
2627 3709 2884 3778 ἀληθείας
2925 3709 3123 3780 μᾶλλον
3146 3709 3409 3783 ἐχοίμεθα
3430 3726 3445 3775 ;
3467 3709 3569 3778 Τὴν
3596 3705 3675 3773 ρέν
3699 3698 3761 3753 οὖν

2249 3804 2520 3874 ὁσημέραι
2570 3803 2889 3873 παρρησίαν
2933 3801 3114 3855 αὐτῶν
3166 3802 3496 3872 συγγραφῆς
3542 3799 3602 3853 ἂν
3648 3798 3761 3865 ἔργον

2251 3894 2335 3966 είη
2370 3896 2644 3962 διεξιέναι.
3081 3930 3085 3934 ~

2334 4116 2474 4169 Ἀλλ’
2496 4118 2639 4178 ὅπως
2665 4115 2760 4184 τῆς
2789 4114 3162 4185 Πεντηκοστῆς
3196 4112 3342 4183 μετά
3396 4112 3493 4180 τὴν
3530 4100 3775 4163 ἀνάττασεεϊ

2254 4212 2515 4279 ἐνστάσης
2571 4210 2805 4279 ἡμέρας,
2846 4208 2983 4277 πρὸς
3016 4208 3263 4269 ἅπαντας
3321 4204 3764 4274 ἐπαρῥησιάτιντηο

2255 4302 2362 4357 Τοῦ
2414 4302 2522 4371 γὰρ
2576 4301 2894 4368 ῐινεύματος
2934 4296 3227 4369 οὐρανόθεν
3278 4296 3381 4349 σὺν
3415 4296 3529 4366 ἤχῳ
3578 4289 3765 4357 πυρίνων

591 4406 708 4444 rutn
738 4388 1064 4457 linguarum,
1111 4400 1275 4455 supra
1306 4386 1549 4469 siugqlos
1576 4386 1852 4455 apostolos
1894 4387 2141 4451 sedisset,

2256 4395 2384 4449 εῖδει
2426 4393 2686 4461 γλωσσῶν
2731 4391 3151 4453 ἐπικαθίσαντος
3205 4388 3427 4458 έκάστῳ
3463 4387 3565 4439 τῶν
3590 4380 3769 4438 ἀποστό-

589 4488 643 4532 et
677 4479 894 4546 propria
936 4490 1033 4530 sua
1084 4475 1257 4545 gratia
1299 4476 1550 4530 indoctos
1601 4475 1938 4544 replevisset,
1970 4477 2147 4527 unmi-

592 4572 712 4632 bus,
752 4568 1052 4637 peregrinis
1099 4566 1299 4636 linguis
1330 4566 1700 4637 loquentibus,
1740 4568 1890 4622 etiis
1934 4569 2024 4637 qui
2085 4583 2149 4621 ex

498 4678 503 4683 ‘
591 4669 736 4722 oiuni
808 4669 1047 4731 natione,
1094 4682 1214 4735 quae
1251 4667 1355 4721 sub
1421 4664 1561 4717 cmlo
1592 4672 1696 4724 est,
1754 4668 2147 4723 convenerant,

592 4768 742 4807 suam
774 4762 1000 4821 patriam
1037 4762 1091 4808 et
1119 4755 1356 4807 nativam
1387 4752 1623 4818 linguam
1677 4750 1730 4803 in
1773 4750 2147 4818 apostolorum

591 4856 686 4895 ore
732 4843 1155 4909 agnoscentibus
1201 4849 1255 4895 et
1291 4838 1746 4906 intelligentibus,
1802 4838 2009 4904 hocque
2057 4850 2152 4902 pro

596 4933 835 4986 tnaximo
875 4932 1147 4986 miraculo
1188 4930 1588 5000 reputantibus,
1636 4941 1741 4979 non
1792 4927 2016 4978 deerant
2062 4925 2151 4991 qui

595 5026 868 5093 apostolos
896 5034 1075 5077 musto
1114 5023 1297 5076 ebrios
1328 5022 1662 5083 dictitarent,
1715 5018 1877 5071 stulta
1928 5033 2157 5085 prorsus

594 5127 646 5170 et
688 5115 855 5170 ebriis
894 5131 1016 5168 vere
1062 5111 1446 5167 convenientia
1483 5108 1814 5163 effutientes.
1860 5107 2070 5161 Etenim
2109 5108 2155 5161 si

593 5209 717 5275 quis
748 5223 831 5265 rex
864 5222 949 5260 me
978 5210 1246 5273 quaereret
1296 5211 1476 5255 utrunt
1534 5217 1638 5254 non
1681 5200 2042 5267 intelligentes
2092 5215 2155 5253 ea

582 5315 715 5368 qua}
747 5299 1061 5360 audiebant,
1088 5295 1366 5366 apostolos
1410 5300 1589 5347 musto
1624 5296 1807 5345 ebrios
1848 5307 1971 5345 esse
2016 5291 2157 5345 aﬂir-

594 5389 789 5443 marint
814 5406 829 5454 ;
866 5405 933 5442 an
958 5390 1337 5457 intelligentes,
1370 5385 1783 5454 responderem,
1812 5398 1897 5436 tne
1922 5398 1986 5436 ex
2014 5392 2160 5436 utra-

593 5496 698 5549 que
726 5493 874 5548 parte
920 5495 1014 5533 eos
1055 5495 1149 5547 pro
1185 5477 1570 5545 insipientibus
1631 5477 1852 5530 ducere.
1907 5474 1961 5527 Si
2011 5476 2157 5527 enim

556 5648 559 5649 ν
594 5589 701 5624 non
736 5572 1122 5640 iutelligentes,
1156 5580 1376 5638 apparet
1413 5584 1529 5630 eos,
1567 5568 1927 5637 praetermisso
1952 5567 2154 5619 vei-ita-

594 5670 668 5713 tis
699 5661 969 5724 examine,
1000 5672 1201 5715 temere
1236 5662 1393 5714 verba
1432 5659 1657 5714 fundere
1689 5676 1702 5711 :
1750 5673 1847 5713 cur
1877 5660 2018 5713 enim
2049 5672 2149 5726 ego

2256 4487 2384 4545 λων.
2415 4486 2509 4538 καὶ
2536 4485 2632 4553 τῆς
2669 4483 2804 4544 ιδίας
2839 4483 2964 4544 τοὺς
3004 4479 3411 4548 ἀγραμμάτους
3442 4476 3770 4545 πληρώσαντας

2259 4579 2502 4649 χάριτος,
2531 4573 2624 4627 καὶ
2673 4572 2890 4624 πάντων
2942 4569 3160 4639 ἑτέραις
3195 4568 3472 4635 γλώσσαις
3505 4562 3770 4616 λαλούντων.

2261 4670 2353 4723 καὶ
2404 4667 2510 4717 τῶν
2554 4661 2994 4729 συνεληλυθότων
3028 4662 3092 4714 ἐκ
3142 4660 3341 4720 παντὸς
3379 4658 3562 4719 ἔθνους
3590 4654 3683 4705 τῶν
3708 4650 3772 4699 ὑπ’

2259 4757 2485 4828 οὐρανὸν
2521 4756 2619 4823 τὴν
2648 4753 2858 4806 οἰκείαν
2906 4752 3139 4804 ἑκάστου
3178 4750 3454 4812 συνιέντος
3502 4746 3684 4814 φωνὴν,
3707 4737 3773 4791 καὶ

2260 4849 2415 4903 τοῦτο
2444 4847 2708 4917 μεγίστην
2738 4844 2930 4899 πασῶν
2971 4843 3102 4911 ὓλην
3145 4841 3429 4910 θαύματος
3471 4833 3775 4905 ποιουμέιων.

2263 4936 2424 5010 ἧπνν
2458 4938 2507 4991 οἳ
2562 4936 2829 5004 γλεύκουῖ
2887 4931 3280 5002 μεμεστῶσθαι
3318 4932 3448 4993 τοὺς
3502 4923 3777 4981 ἀποστόλους

2264 5030 2470 5097 ελεγον,
2506 5026 2707 5095 ἀνόητα
2764 5024 2940 5094 πάντη
2991 5022 3085 5074 καὶ
3139 5021 3217 5084 ὡς
3253 5020 3473 5088 ἀληθῶς
3524 5016 3778 5087 μεθυόντων

2263 5120 2713 5185 ἀποφαινίμενοι.
2777 5116 2885 5166 Καὶ
2941 5114 3050 5185 γὰρ
3105 5114 3158 5165 εί
3218 5113 3284 5180 μέ
3335 5130 3423 5174 τις
3472 5104 3602 5178 ’περὶ
3641 5099 3777 5157 αὐτῶν

2263 5208 2449 5277 ἦρετο.
2495 5205 2715 5274 πότερον
2744 5203 2804 5255 οὐ
2854 5203 3150 5266 συνιέντες,
3197 5194 3276 5255 ὧν
3316 5202 3535 5271 ἤκουον,
3570 5194 3778 5265 γλεύκους

2268 5297 2499 5364 μεστοὺς
2546 5291 2687 5347 εἶναι
2717 5295 2841 5355 τοὺς
2872 5293 3208 5352 ἀποστόλους
3262 5289 3571 5356 ἔφασκον,ἦ
3615 5282 3777 5337 συνιέν-

2264 5403 2353 5448 τες
2379 5403 2393 5447 ;
2425 5378 2584 5454 εὗρον
2606 5384 2670 5437 ἂν
2698 5384 2955 5451 ἀνοήτους
2982 5382 3228 5451 οἰόμενον
3252 5379 3607 5450 ἑκατέρωθεν.
3631 5374 3681 5426 Εἰ
3707 5368 3777 5436 μὲν

2264 5480 2372 5543 γὰρ
2396 5477 2456 5527 οῦ
2499 5477 2795 5536 συνιέντες,
2823 5476 3105 5539 φαίνονται
3136 5475 3266 5542 πρὶν
3292 5475 3370 5533 είς
3401 5473 3634 5537 ἐξέτασιν
3656 5466 3773 5530 ἣκειν

2266 5568 2365 5635 τῆς
2394 5568 2672 5637 ἀληθείας,
2701 5566 2822 5633 εἰκῆ
2850 5566 2939 5616 τὸν
2968 5563 3125 5632 λόγον
3154 5564 3629 5637 ἀπορριπτοῦντες.
3656 5557 3707 5609 Τί
3728 5551 3771 5615 δὴ

2266 5677 2394 5714 ποτε
2423 5661 2531 5729 γὰρ
2569 5659 2653 5711 διὰ
2689 5658 2787 5728 τὴν
2834 5657 3040 5727 ἐτέρων
3080 5656 3443 5711 ἀπαιδευσίαν
3487 5645 3771 5722 παραληρεῖν
