  <div class='ocr_page' id='page_1' title='image "/cluster/home/n/w/nwhite01/storage/ocr_20150623/147/hvd.32044073502619/544.png"; bbox 0 0 3996 6202; ppageno 0'>
   <div class='ocr_carea' id='block_1_1' title="bbox 293 354 435 420">
    <p class='ocr_par' dir='ltr' id='par_1_1' title="bbox 293 354 435 420">
     <span class='ocr_line' id='line_1_1' title="bbox 293 354 435 420; baseline -0.021 0"><span class='ocrx_word' id='word_1_1' title='bbox 293 354 435 420; x_wconf 66' lang='lat' dir='ltr'><strong>tuas</strong></span> 
     </span>
    </p>
   </div>
   <div class='ocr_carea' id='block_1_2' title="bbox 1285 357 2550 425">
    <p class='ocr_par' dir='ltr' id='par_1_2' title="bbox 1285 357 2550 425">
     <span class='ocr_line' id='line_1_2' title="bbox 1285 357 2550 425; baseline 0.006 -7"><span class='ocrx_word' id='word_1_2' title='bbox 1285 359 1689 419; x_wconf 71' lang='lat' dir='ltr'><strong>ENCOMIUM</strong></span> <span class='ocrx_word' id='word_1_3' title='bbox 1729 361 1836 420; x_wconf 83' lang='lat' dir='ltr'><strong>SS.</strong></span> <span class='ocrx_word' id='word_1_4' title='bbox 1888 357 2118 421; x_wconf 70' lang='lat' dir='ltr'><strong>PETRI</strong></span> <span class='ocrx_word' id='word_1_5' title='bbox 2159 364 2252 424; x_wconf 82' lang='lat' dir='ltr'><strong>ET</strong></span> <span class='ocrx_word' id='word_1_6' title='bbox 2293 364 2550 425; x_wconf 80' lang='lat' dir='ltr'><strong>PAULI.</strong></span> 
     </span>
    </p>
   </div>
   <div class='ocr_carea' id='block_1_3' title="bbox 3416 362 3552 427">
    <p class='ocr_par' dir='ltr' id='par_1_3' title="bbox 3416 362 3552 427">
     <span class='ocr_line' id='line_1_3' title="bbox 3416 362 3552 427; baseline 0 -2"><span class='ocrx_word' id='word_1_7' title='bbox 3416 362 3552 427; x_wconf 74' lang='lat'><strong>1056</strong></span> 
     </span>
    </p>
   </div>
   <div class='ocr_carea' id='block_1_4' title="bbox 298 473 1854 548">
    <p class='ocr_par' dir='ltr' id='par_1_4' title="bbox 298 473 1854 546">
     <span class='ocr_line' id='line_1_4' title="bbox 298 473 1854 546; baseline 0.005 -22"><span class='ocrx_word' id='word_1_8' title='bbox 298 477 538 543; x_wconf 86' lang='grc' dir='ltr'>ορωπον.</span> <span class='ocrx_word' id='word_1_9' title='bbox 569 473 782 527; x_wconf 77' lang='grc' dir='ltr'><strong>Παύλου</strong></span> <span class='ocrx_word' id='word_1_10' title='bbox 813 474 922 544; x_wconf 65' lang='grc' dir='ltr'>γὰρ</span> <span class='ocrx_word' id='word_1_11' title='bbox 955 476 1050 527; x_wconf 78' lang='grc' dir='ltr'><strong>καὶ</strong></span> <span class='ocrx_word' id='word_1_12' title='bbox 1073 475 1168 529; x_wconf 87' lang='grc' dir='ltr'><strong>νῦν</strong></span> <span class='ocrx_word' id='word_1_13' title='bbox 1214 477 1355 530; x_wconf 82' lang='grc' dir='ltr'>εἰσιν</span> <span class='ocrx_word' id='word_1_14' title='bbox 1412 479 1492 530; x_wconf 76' lang='grc' dir='ltr'><strong>ἔτι</strong></span> <span class='ocrx_word' id='word_1_15' title='bbox 1527 479 1636 530; x_wconf 91' lang='grc' dir='ltr'><strong>τῶν</strong></span> <span class='ocrx_word' id='word_1_16' title='bbox 1694 479 1854 546; x_wconf 62' lang='grc' dir='ltr'>νόμωπ</span> 
     </span>
    </p>
   </div>
   <div class='ocr_carea' id='block_1_5' title="bbox 1957 473 3556 548">
    <p class='ocr_par' dir='ltr' id='par_1_5' title="bbox 1980 477 3556 548">
     <span class='ocr_line' id='line_1_5' title="bbox 1980 477 3556 548; baseline 0.002 -18"><span class='ocrx_word' id='word_1_17' title='bbox 1980 490 2122 540; x_wconf 83' lang='lat' dir='ltr'><strong>erat,</strong></span> <span class='ocrx_word' id='word_1_18' title='bbox 2178 488 2233 534; x_wconf 89' lang='lat' dir='ltr'><strong>et</strong></span> <span class='ocrx_word' id='word_1_19' title='bbox 2283 482 2567 537; x_wconf 80' lang='lat' dir='ltr'><strong>caelestem</strong></span> <span class='ocrx_word' id='word_1_20' title='bbox 2631 481 2959 535; x_wconf 87' lang='lat' dir='ltr'><strong>hominem:</strong></span> <span class='ocrx_word' id='word_1_21' title='bbox 3007 495 3129 533; x_wconf 89' lang='lat' dir='ltr'><strong>nam</strong></span> <span class='ocrx_word' id='word_1_22' title='bbox 3199 477 3350 532; x_wconf 84' lang='lat' dir='ltr'><strong>Pauli</strong></span> <span class='ocrx_word' id='word_1_23' title='bbox 3411 480 3556 548; x_wconf 78' lang='lat' dir='ltr'><strong>leges</strong></span> 
     </span>
    </p>
   </div>
   <div class='ocr_carea' id='block_1_6' title="bbox 293 566 1874 638">
    <p class='ocr_par' dir='ltr' id='par_1_6' title="bbox 293 566 1874 638">
     <span class='ocr_line' id='line_1_6' title="bbox 293 566 1874 638; baseline 0.003 -21"><span class='ocrx_word' id='word_1_24' title='bbox 293 566 644 635; x_wconf 86' lang='grc' dir='ltr'>ἀντεχόμενοί</span> <span class='ocrx_word' id='word_1_25' title='bbox 691 583 752 619; x_wconf 88' lang='grc' dir='ltr'><strong>τε</strong></span> <span class='ocrx_word' id='word_1_26' title='bbox 807 569 901 620; x_wconf 79' lang='grc' dir='ltr'>καὶ</span> <span class='ocrx_word' id='word_1_27' title='bbox 955 569 1389 638; x_wconf 69' lang='grc' dir='ltr'>προμαχόμενοι.</span> <span class='ocrx_word' id='word_1_28' title='bbox 1466 570 1532 622; x_wconf 86' lang='grc' dir='ltr'>ὐ</span> <span class='ocrx_word' id='word_1_29' title='bbox 1569 571 1623 623; x_wconf 87' lang='grc' dir='ltr'><strong>δὲ</strong></span> <span class='ocrx_word' id='word_1_30' title='bbox 1670 572 1874 635; x_wconf 68' lang='grc' dir='ltr'>Σόλων,</span> 
     </span>
    </p>
   </div>
   <div class='ocr_carea' id='block_1_7' title="bbox 292 656 1877 732">
    <p class='ocr_par' dir='ltr' id='par_1_7' title="bbox 292 656 1877 732">
     <span class='ocr_line' id='line_1_7' title="bbox 292 656 1877 732; baseline 0.007 -26"><span class='ocrx_word' id='word_1_31' title='bbox 292 656 401 708; x_wconf 80' lang='grc' dir='ltr'>οὐδ’</span> <span class='ocrx_word' id='word_1_32' title='bbox 427 657 485 722; x_wconf 79' lang='grc' dir='ltr'><strong>ἐξ</strong></span> <span class='ocrx_word' id='word_1_33' title='bbox 517 657 783 727; x_wconf 84' lang='grc' dir='ltr'>ὀνόματος</span> <span class='ocrx_word' id='word_1_34' title='bbox 815 658 998 722; x_wconf 75' lang='grc' dir='ltr'>αὐτοῖς</span> <span class='ocrx_word' id='word_1_35' title='bbox 1033 661 1112 712; x_wconf 81' lang='grc' dir='ltr'>ἔτι</span> <span class='ocrx_word' id='word_1_36' title='bbox 1144 661 1444 730; x_wconf 83' lang='grc' dir='ltr'>γνώριμος,</span> <span class='ocrx_word' id='word_1_37' title='bbox 1481 663 1575 715; x_wconf 76' lang='grc' dir='ltr'><strong>καὶ</strong></span> <span class='ocrx_word' id='word_1_38' title='bbox 1596 666 1693 732; x_wconf 68' lang='grc' dir='ltr'>οὐχ</span> <span class='ocrx_word' id='word_1_39' title='bbox 1727 666 1877 726; x_wconf 81' lang='grc' dir='ltr'>ὅπως</span> 
     </span>
    </p>
   </div>
   <div class='ocr_carea' id='block_1_8' title="bbox 292 743 1874 825">
    <p class='ocr_par' dir='ltr' id='par_1_8' title="bbox 292 743 1874 825">
     <span class='ocr_line' id='line_1_8' title="bbox 292 743 1874 825; baseline 0.006 -30"><span class='ocrx_word' id='word_1_40' title='bbox 292 743 359 796; x_wconf 72' lang='grc' dir='ltr'><strong>ἂν</strong></span> <span class='ocrx_word' id='word_1_41' title='bbox 392 745 574 808; x_wconf 81' lang='grc' dir='ltr'>αὐτοῖς</span> <span class='ocrx_word' id='word_1_42' title='bbox 605 747 638 815; x_wconf 80' lang='grc' dir='ltr'><strong>ή</strong></span> <span class='ocrx_word' id='word_1_43' title='bbox 684 747 836 810; x_wconf 82' lang='grc' dir='ltr'><strong>πόλις</strong></span> <span class='ocrx_word' id='word_1_44' title='bbox 884 745 944 801; x_wconf 86' lang='grc' dir='ltr'><strong>εὖ</strong></span> <span class='ocrx_word' id='word_1_45' title='bbox 975 751 1178 802; x_wconf 77' lang='grc' dir='ltr'>οἰκοῖτο</span> <span class='ocrx_word' id='word_1_46' title='bbox 1236 751 1441 820; x_wconf 85' lang='grc' dir='ltr'>μᾶλλον</span> <span class='ocrx_word' id='word_1_47' title='bbox 1498 754 1874 825; x_wconf 74' lang='grc' dir='ltr'>σκοποῦσιν,ἢ</span> 
     </span>
    </p>
   </div>
   <div class='ocr_carea' id='block_1_9' title="bbox 292 837 1875 912">
    <p class='ocr_par' dir='ltr' id='par_1_9' title="bbox 292 837 1875 912">
     <span class='ocr_line' id='line_1_9' title="bbox 292 837 1875 912; baseline 0.006 -25"><span class='ocrx_word' id='word_1_48' title='bbox 292 837 441 899; x_wconf 74' lang='grc' dir='ltr'>ὅπως</span> <span class='ocrx_word' id='word_1_49' title='bbox 470 838 670 901; x_wconf 75' lang='grc' dir='ltr'>αὐτοὺς</span> <span class='ocrx_word' id='word_1_50' title='bbox 703 841 735 910; x_wconf 79' lang='grc' dir='ltr'><strong>ἠ</strong></span> <span class='ocrx_word' id='word_1_51' title='bbox 769 839 884 893; x_wconf 80' lang='grc' dir='ltr'>ἄνω</span> <span class='ocrx_word' id='word_1_52' title='bbox 913 841 1066 909; x_wconf 88' lang='grc' dir='ltr'>νέμοι</span> <span class='ocrx_word' id='word_1_53' title='bbox 1110 842 1142 911; x_wconf 83' lang='grc' dir='ltr'>ἡ</span> <span class='ocrx_word' id='word_1_54' title='bbox 1175 841 1332 904; x_wconf 86' lang='grc' dir='ltr'><strong>πόλις</strong></span> <span class='ocrx_word' id='word_1_55' title='bbox 1386 843 1699 912; x_wconf 78' lang='grc' dir='ltr'>οἰκήτορας,</span> <span class='ocrx_word' id='word_1_56' title='bbox 1763 847 1875 898; x_wconf 74' lang='grc' dir='ltr'>οὐδ’</span> 
     </span>
    </p>
   </div>
   <div class='ocr_carea' id='block_1_10' title="bbox 291 927 1877 1005">
    <p class='ocr_par' dir='ltr' id='par_1_10' title="bbox 291 927 1877 1005">
     <span class='ocr_line' id='line_1_10' title="bbox 291 927 1877 1005; baseline 0.005 -27"><span class='ocrx_word' id='word_1_57' title='bbox 291 927 440 988; x_wconf 77' lang='grc' dir='ltr'>ὅπως</span> <span class='ocrx_word' id='word_1_58' title='bbox 473 928 920 998; x_wconf 82' lang='grc' dir='ltr'>Λακεδαιμονίων</span> <span class='ocrx_word' id='word_1_59' title='bbox 957 931 990 1000; x_wconf 80' lang='grc' dir='ltr'><strong>ἡ</strong></span> <span class='ocrx_word' id='word_1_60' title='bbox 1022 947 1188 986; x_wconf 87' lang='grc' dir='ltr'>τινων</span> <span class='ocrx_word' id='word_1_61' title='bbox 1219 931 1395 986; x_wconf 84' lang='grc' dir='ltr'>ἄλλων</span> <span class='ocrx_word' id='word_1_62' title='bbox 1420 933 1632 1002; x_wconf 71' lang='grc' dir='ltr'>ἐχίιρῶν</span> <span class='ocrx_word' id='word_1_63' title='bbox 1663 934 1877 1005; x_wconf 68' lang='grc' dir='ltr'>περιγί-</span> 
     </span>
    </p>
   </div>
   <div class='ocr_carea' id='block_1_11' title="bbox 294 1019 1872 1094">
    <p class='ocr_par' dir='ltr' id='par_1_11' title="bbox 294 1019 1872 1094">
     <span class='ocr_line' id='line_1_11' title="bbox 294 1019 1872 1094; baseline 0.007 -25"><span class='ocrx_word' id='word_1_64' title='bbox 294 1035 494 1083; x_wconf 91' lang='grc' dir='ltr'>νοιντο,</span> <span class='ocrx_word' id='word_1_65' title='bbox 549 1019 767 1090; x_wconf 81' lang='grc' dir='ltr'>ἢὸπως</span> <span class='ocrx_word' id='word_1_66' title='bbox 823 1024 942 1085; x_wconf 85' lang='grc' dir='ltr'>ταῖς</span> <span class='ocrx_word' id='word_1_67' title='bbox 995 1023 1210 1094; x_wconf 86' lang='grc' dir='ltr'>ἀερίαις</span> <span class='ocrx_word' id='word_1_68' title='bbox 1253 1025 1445 1094; x_wconf 79' lang='grc' dir='ltr'>ἀρχαῖς</span> <span class='ocrx_word' id='word_1_69' title='bbox 1514 1026 1872 1094; x_wconf 82' lang='grc' dir='ltr'>ύποκύψαιεν.</span> 
     </span>
    </p>
   </div>
   <div class='ocr_carea' id='block_1_12' title="bbox 297 1108 1875 1187">
    <p class='ocr_par' dir='ltr' id='par_1_12' title="bbox 297 1108 1875 1187">
     <span class='ocr_line' id='line_1_12' title="bbox 297 1108 1875 1187; baseline 0.006 -24"><span class='ocrx_word' id='word_1_70' title='bbox 297 1112 404 1163; x_wconf 71' lang='grc' dir='ltr'><strong>Καὶ</strong></span> <span class='ocrx_word' id='word_1_71' title='bbox 438 1108 504 1182; x_wconf 81' lang='grc' dir='ltr'>ἦν</span> <span class='ocrx_word' id='word_1_72' title='bbox 535 1114 644 1181; x_wconf 78' lang='grc' dir='ltr'>γὰρ</span> <span class='ocrx_word' id='word_1_73' title='bbox 672 1113 781 1166; x_wconf 86' lang='grc' dir='ltr'><strong>τῶν</strong></span> <span class='ocrx_word' id='word_1_74' title='bbox 809 1113 1050 1183; x_wconf 78' lang='grc' dir='ltr'>εὐλόγων</span> <span class='ocrx_word' id='word_1_75' title='bbox 1110 1118 1219 1187; x_wconf 84' lang='grc' dir='ltr'><strong>ὅσῳ</strong></span> <span class='ocrx_word' id='word_1_76' title='bbox 1249 1117 1359 1171; x_wconf 90' lang='grc' dir='ltr'><strong>τῶν</strong></span> <span class='ocrx_word' id='word_1_77' title='bbox 1417 1119 1728 1187; x_wconf 78' lang='grc' dir='ltr'><strong>νομοθετῶν</strong></span> <span class='ocrx_word' id='word_1_78' title='bbox 1781 1119 1875 1172; x_wconf 77' lang='grc' dir='ltr'>τὸν</span> 
     </span>
    </p>
   </div>
   <div class='ocr_carea' id='block_1_13' title="bbox 296 1201 1874 1281">
    <p class='ocr_par' dir='ltr' id='par_1_13' title="bbox 296 1201 1874 1281">
     <span class='ocr_line' id='line_1_13' title="bbox 296 1201 1874 1281; baseline 0.006 -26"><span class='ocrx_word' id='word_1_79' title='bbox 296 1201 526 1273; x_wconf 77' lang='grc' dir='ltr'>ὕστερον</span> <span class='ocrx_word' id='word_1_80' title='bbox 585 1204 835 1273; x_wconf 79' lang='grc' dir='ltr'>ἔγνωσαν</span> <span class='ocrx_word' id='word_1_81' title='bbox 891 1207 1254 1278; x_wconf 78' lang='grc' dir='ltr'><strong>ὑπερέχοντα,</strong></span> <span class='ocrx_word' id='word_1_82' title='bbox 1311 1211 1553 1279; x_wconf 83' lang='grc' dir='ltr'>τοσούτῳ</span> <span class='ocrx_word' id='word_1_83' title='bbox 1599 1211 1874 1281; x_wconf 73' lang='grc' dir='ltr'>καὶπρὸς</span> 
     </span>
    </p>
   </div>
   <div class='ocr_carea' id='block_1_14' title="bbox 294 1296 1873 1372">
    <p class='ocr_par' dir='ltr' id='par_1_14' title="bbox 294 1296 1873 1369">
     <span class='ocr_line' id='line_1_14' title="bbox 294 1296 1873 1369; baseline 0.008 -22"><span class='ocrx_word' id='word_1_84' title='bbox 294 1296 630 1367; x_wconf 71' lang='grc' dir='ltr'>ὑψηλοτέραν</span> <span class='ocrx_word' id='word_1_85' title='bbox 662 1299 1068 1366; x_wconf 69' lang='grc' dir='ltr'><strong>μετατάξασθαι</strong></span> <span class='ocrx_word' id='word_1_86' title='bbox 1097 1302 1394 1366; x_wconf 79' lang='grc' dir='ltr'><strong>πολιτείαν,</strong></span> <span class='ocrx_word' id='word_1_87' title='bbox 1430 1304 1534 1357; x_wconf 84' lang='grc' dir='ltr'>κᾶν</span> <span class='ocrx_word' id='word_1_88' title='bbox 1566 1321 1652 1367; x_wconf 86' lang='grc' dir='ltr'><strong>τις</strong></span> <span class='ocrx_word' id='word_1_89' title='bbox 1674 1305 1873 1369; x_wconf 79' lang='grc' dir='ltr'>αὐτοὺς</span> 
     </span>
    </p>
   </div>
   <div class='ocr_carea' id='block_1_15' title="bbox 292 1387 1872 1465">
    <p class='ocr_par' dir='ltr' id='par_1_15' title="bbox 292 1387 1872 1465">
     <span class='ocr_line' id='line_1_15' title="bbox 292 1387 1872 1465; baseline 0.008 -28"><span class='ocrx_word' id='word_1_90' title='bbox 292 1387 546 1457; x_wconf 72' lang='grc' dir='ltr'>ἐξετάζῃ,</span> <span class='ocrx_word' id='word_1_91' title='bbox 580 1389 735 1459; x_wconf 81' lang='grc' dir='ltr'>γνοίη</span> <span class='ocrx_word' id='word_1_92' title='bbox 766 1390 830 1442; x_wconf 81' lang='grc' dir='ltr'><strong>ἂν</strong></span> <span class='ocrx_word' id='word_1_93' title='bbox 859 1391 919 1443; x_wconf 78' lang='grc' dir='ltr'>τὸ</span> <span class='ocrx_word' id='word_1_94' title='bbox 954 1391 1055 1459; x_wconf 78' lang='grc' dir='ltr'>μὲν</span> <span class='ocrx_word' id='word_1_95' title='bbox 1085 1392 1289 1462; x_wconf 87' lang='grc' dir='ltr'>ἐτέρων</span> <span class='ocrx_word' id='word_1_96' title='bbox 1318 1393 1531 1463; x_wconf 85' lang='grc' dir='ltr'>ἄρχειν,</span> <span class='ocrx_word' id='word_1_97' title='bbox 1559 1397 1619 1447; x_wconf 81' lang='grc' dir='ltr'><strong>ού</strong></span> <span class='ocrx_word' id='word_1_98' title='bbox 1655 1397 1796 1465; x_wconf 82' lang='grc' dir='ltr'><strong>μέγα</strong></span> <span class='ocrx_word' id='word_1_99' title='bbox 1820 1414 1872 1450; x_wconf 91' lang='grc' dir='ltr'><strong>τι</strong></span> 
     </span>
    </p>
   </div>
   <div class='ocr_carea' id='block_1_16' title="bbox 291 1477 1872 1552">
    <p class='ocr_par' dir='ltr' id='par_1_16' title="bbox 291 1477 1872 1552">
     <span class='ocr_line' id='line_1_16' title="bbox 291 1477 1872 1552; baseline 0.005 -24"><span class='ocrx_word' id='word_1_100' title='bbox 291 1478 632 1545; x_wconf 75' lang='grc' dir='ltr'>νομίζοντας,</span> <span class='ocrx_word' id='word_1_101' title='bbox 658 1477 718 1530; x_wconf 86' lang='grc' dir='ltr'><strong>τὸ</strong></span> <span class='ocrx_word' id='word_1_102' title='bbox 741 1478 784 1529; x_wconf 85' lang='grc' dir='ltr'><strong>δ’</strong></span> <span class='ocrx_word' id='word_1_103' title='bbox 816 1479 1042 1541; x_wconf 80' lang='grc' dir='ltr'>ἑαυτοὺς</span> <span class='ocrx_word' id='word_1_104' title='bbox 1074 1479 1304 1533; x_wconf 79' lang='grc' dir='ltr'>ἕκαστον</span> <span class='ocrx_word' id='word_1_105' title='bbox 1335 1480 1548 1547; x_wconf 78' lang='grc' dir='ltr'><strong>σώζειν,</strong></span> <span class='ocrx_word' id='word_1_106' title='bbox 1580 1483 1640 1534; x_wconf 74' lang='grc' dir='ltr'><strong>ού</strong></span> <span class='ocrx_word' id='word_1_107' title='bbox 1675 1484 1872 1552; x_wconf 77' lang='grc' dir='ltr'>μικρὸν</span> 
     </span>
    </p>
   </div>
   <div class='ocr_carea' id='block_1_17' title="bbox 291 1567 1872 1642">
    <p class='ocr_par' dir='ltr' id='par_1_17' title="bbox 291 1567 1872 1642">
     <span class='ocr_line' id='line_1_17' title="bbox 291 1567 1872 1642; baseline 0.007 -24"><span class='ocrx_word' id='word_1_108' title='bbox 291 1569 528 1632; x_wconf 78' lang='grc' dir='ltr'>πάντως.</span> <span class='ocrx_word' id='word_1_109' title='bbox 567 1569 731 1622; x_wconf 69' lang='grc' dir='ltr'>Ἀλλὰ</span> <span class='ocrx_word' id='word_1_110' title='bbox 767 1569 859 1622; x_wconf 68' lang='grc' dir='ltr'><strong>κα)⁸</strong></span> <span class='ocrx_word' id='word_1_111' title='bbox 881 1569 1157 1633; x_wconf 83' lang='grc' dir='ltr'>Διονύσιος</span> <span class='ocrx_word' id='word_1_112' title='bbox 1208 1571 1508 1642; x_wconf 83' lang='grc' dir='ltr'>Ἀθηναίων</span> <span class='ocrx_word' id='word_1_113' title='bbox 1537 1567 1619 1636; x_wconf 77' lang='grc' dir='ltr'>εἷς</span> <span class='ocrx_word' id='word_1_114' title='bbox 1645 1574 1872 1629; x_wconf 79' lang='grc' dir='ltr'>τοιαῦτα</span> 
     </span>
    </p>
   </div>
   <div class='ocr_carea' id='block_1_18' title="bbox 291 1659 1870 1734">
    <p class='ocr_par' dir='ltr' id='par_1_18' title="bbox 291 1659 1870 1734">
     <span class='ocr_line' id='line_1_18' title="bbox 291 1659 1870 1734; baseline 0.004 -21"><span class='ocrx_word' id='word_1_115' title='bbox 291 1660 394 1713; x_wconf 81' lang='grc' dir='ltr'><strong>ὑπὸ</strong></span> <span class='ocrx_word' id='word_1_116' title='bbox 414 1659 608 1729; x_wconf 80' lang='grc' dir='ltr'>Παύλῳ</span> <span class='ocrx_word' id='word_1_117' title='bbox 631 1659 1080 1730; x_wconf 81' lang='grc' dir='ltr'>νενομοθέτηκεν,</span> <span class='ocrx_word' id='word_1_118' title='bbox 1115 1663 1164 1714; x_wconf 85' lang='grc' dir='ltr'><strong>εἰ</strong></span> <span class='ocrx_word' id='word_1_119' title='bbox 1193 1664 1267 1732; x_wconf 86' lang='grc' dir='ltr'>μή</span> <span class='ocrx_word' id='word_1_120' title='bbox 1293 1682 1344 1716; x_wconf 92' lang='grc' dir='ltr'><strong>τι</strong></span> <span class='ocrx_word' id='word_1_121' title='bbox 1364 1666 1470 1734; x_wconf 82' lang='grc' dir='ltr'><strong>χρὴ</strong></span> <span class='ocrx_word' id='word_1_122' title='bbox 1501 1666 1712 1720; x_wconf 79' lang='grc' dir='ltr'>Παῦλον</span> <span class='ocrx_word' id='word_1_123' title='bbox 1742 1669 1870 1722; x_wconf 77' lang='grc' dir='ltr'><strong>κάνο</strong></span> 
     </span>
    </p>
   </div>
   <div class='ocr_carea' id='block_1_19' title="bbox 286 1751 1864 1825">
    <p class='ocr_par' dir='ltr' id='par_1_19' title="bbox 286 1751 1864 1825">
     <span class='ocr_line' id='line_1_19' title="bbox 286 1751 1864 1825; baseline 0.005 -21"><span class='ocrx_word' id='word_1_124' title='bbox 286 1753 458 1804; x_wconf 73' lang='grc' dir='ltr'>ταῦθα</span> <span class='ocrx_word' id='word_1_125' title='bbox 488 1752 575 1805; x_wconf 76' lang='grc' dir='ltr'>διὰ</span> <span class='ocrx_word' id='word_1_126' title='bbox 595 1752 748 1805; x_wconf 87' lang='grc' dir='ltr'>τοῦδε</span> <span class='ocrx_word' id='word_1_127' title='bbox 780 1751 973 1820; x_wconf 81' lang='grc' dir='ltr'>ἀνδρὸς</span> <span class='ocrx_word' id='word_1_128' title='bbox 1005 1753 1184 1820; x_wconf 83' lang='grc' dir='ltr'>λέγειν</span> <span class='ocrx_word' id='word_1_129' title='bbox 1214 1757 1596 1825; x_wconf 78' lang='grc' dir='ltr'>νομοθετῆσαι,</span> <span class='ocrx_word' id='word_1_130' title='bbox 1623 1754 1704 1822; x_wconf 74' lang='grc' dir='ltr'>οἷς</span> <span class='ocrx_word' id='word_1_131' title='bbox 1731 1762 1864 1813; x_wconf 78' lang='grc' dir='ltr'>πάν-</span> 
     </span>
    </p>
   </div>
   <div class='ocr_carea' id='block_1_20' title="bbox 1981 569 3555 641">
    <p class='ocr_par' dir='ltr' id='par_1_20' title="bbox 1981 569 3555 641">
     <span class='ocr_line' id='line_1_20' title="bbox 1981 569 3555 641; baseline 0.002 -20"><span class='ocrx_word' id='word_1_132' title='bbox 1981 569 2160 623; x_wconf 84' lang='lat' dir='ltr'><strong>adhuc</strong></span> <span class='ocrx_word' id='word_1_133' title='bbox 2197 573 2434 625; x_wconf 89' lang='lat' dir='ltr'><strong>retinent</strong></span> <span class='ocrx_word' id='word_1_134' title='bbox 2483 584 2539 626; x_wconf 89' lang='lat' dir='ltr'><strong>et</strong></span> <span class='ocrx_word' id='word_1_135' title='bbox 2595 580 2974 641; x_wconf 88' lang='lat' dir='ltr'><strong>propugnant;</strong></span> <span class='ocrx_word' id='word_1_136' title='bbox 3025 580 3080 625; x_wconf 87' lang='lat' dir='ltr'><strong>at</strong></span> <span class='ocrx_word' id='word_1_137' title='bbox 3143 569 3310 625; x_wconf 92' lang='lat' dir='ltr'><strong>Solon</strong></span> <span class='ocrx_word' id='word_1_138' title='bbox 3375 587 3440 625; x_wconf 90' lang='lat' dir='ltr'><strong>ne</strong></span> <span class='ocrx_word' id='word_1_139' title='bbox 3487 571 3555 624; x_wconf 89' lang='lat' dir='ltr'><strong>de</strong></span> 
     </span>
    </p>
   </div>
   <div class='ocr_carea' id='block_1_21' title="bbox 1978 660 3552 734">
    <p class='ocr_par' dir='ltr' id='par_1_21' title="bbox 1978 660 3552 734">
     <span class='ocr_line' id='line_1_21' title="bbox 1978 660 3552 734; baseline 0.003 -23"><span class='ocrx_word' id='word_1_140' title='bbox 1978 660 2203 734; x_wconf 82' lang='lat' dir='ltr'><strong>nomine</strong></span> <span class='ocrx_word' id='word_1_141' title='bbox 2240 662 2464 731; x_wconf 85' lang='lat' dir='ltr'><strong>quidem</strong></span> <span class='ocrx_word' id='word_1_142' title='bbox 2511 663 2624 719; x_wconf 81' lang='lat' dir='ltr'><strong>illis</strong></span> <span class='ocrx_word' id='word_1_143' title='bbox 2674 673 2841 718; x_wconf 86' lang='lat' dir='ltr'><strong>notus</strong></span> <span class='ocrx_word' id='word_1_144' title='bbox 2887 675 2970 720; x_wconf 86' lang='lat' dir='ltr'><strong>est</strong></span> <span class='ocrx_word' id='word_1_145' title='bbox 3018 679 3031 716; x_wconf 91' lang='lat'>:</span> <span class='ocrx_word' id='word_1_146' title='bbox 3072 679 3174 718; x_wconf 89' lang='lat' dir='ltr'><strong>nec</strong></span> <span class='ocrx_word' id='word_1_147' title='bbox 3220 672 3329 716; x_wconf 87' lang='lat' dir='ltr'><strong>tam</strong></span> <span class='ocrx_word' id='word_1_148' title='bbox 3381 663 3552 733; x_wconf 88' lang='lat' dir='ltr'><strong>dispi-</strong></span> 
     </span>
    </p>
   </div>
   <div class='ocr_carea' id='block_1_22' title="bbox 1978 750 3549 819">
    <p class='ocr_par' dir='ltr' id='par_1_22' title="bbox 1978 750 3549 819">
     <span class='ocr_line' id='line_1_22' title="bbox 1978 750 3549 819; baseline 0.003 -15"><span class='ocrx_word' id='word_1_149' title='bbox 1978 750 2154 815; x_wconf 84' lang='lat' dir='ltr'><strong>ciunt,</strong></span> <span class='ocrx_word' id='word_1_150' title='bbox 2187 761 2246 804; x_wconf 93' lang='lat' dir='ltr'><strong>ut</strong></span> <span class='ocrx_word' id='word_1_151' title='bbox 2273 753 2470 807; x_wconf 82' lang='lat' dir='ltr'><strong>civitas</strong></span> <span class='ocrx_word' id='word_1_152' title='bbox 2508 755 2646 809; x_wconf 82' lang='lat' dir='ltr'><strong>bene</strong></span> <span class='ocrx_word' id='word_1_153' title='bbox 2682 757 3104 810; x_wconf 79' lang='lat' dir='ltr'><strong>administretur</strong></span> <span class='ocrx_word' id='word_1_154' title='bbox 3147 765 3202 810; x_wconf 89' lang='lat' dir='ltr'><strong>et</strong></span> <span class='ocrx_word' id='word_1_155' title='bbox 3239 755 3549 819; x_wconf 83' lang='lat' dir='ltr'><strong>habitetur,</strong></span> 
     </span>
    </p>
   </div>
   <div class='ocr_carea' id='block_1_23' title="bbox 1976 843 3552 914">
    <p class='ocr_par' dir='ltr' id='par_1_23' title="bbox 1976 843 3552 914">
     <span class='ocr_line' id='line_1_23' title="bbox 1976 843 3552 914; baseline 0.004 -20"><span class='ocrx_word' id='word_1_156' title='bbox 1976 856 2140 910; x_wconf 89' lang='lat' dir='ltr'><strong>quam</strong></span> <span class='ocrx_word' id='word_1_157' title='bbox 2181 854 2239 896; x_wconf 89' lang='lat' dir='ltr'><strong>ttt</strong></span> <span class='ocrx_word' id='word_1_158' title='bbox 2273 843 2376 912; x_wconf 88' lang='lat' dir='ltr'><strong>ipsi</strong></span> <span class='ocrx_word' id='word_1_159' title='bbox 2418 860 2673 914; x_wconf 73' lang='lat' dir='ltr'><strong>supernae</strong></span> <span class='ocrx_word' id='word_1_160' title='bbox 2699 849 2942 903; x_wconf 83' lang='lat' dir='ltr'><strong>civitatis</strong></span> <span class='ocrx_word' id='word_1_161' title='bbox 2983 849 3177 902; x_wconf 65' lang='lat' dir='ltr'><strong>incolae</strong></span> <span class='ocrx_word' id='word_1_162' title='bbox 3227 851 3356 901; x_wconf 87' lang='lat' dir='ltr'><strong>liaut</strong></span> <span class='ocrx_word' id='word_1_163' title='bbox 3395 863 3410 901; x_wconf 90' lang='lat'><strong>:</strong></span> <span class='ocrx_word' id='word_1_164' title='bbox 3449 863 3552 901; x_wconf 87' lang='lat' dir='ltr'><strong>nec</strong></span> 
     </span>
    </p>
   </div>
   <div class='ocr_carea' id='block_1_24' title="bbox 1983 935 3552 1007">
    <p class='ocr_par' dir='ltr' id='par_1_24' title="bbox 1983 935 3552 1007">
     <span class='ocr_line' id='line_1_24' title="bbox 1983 935 3552 1007; baseline 0.006 -22"><span class='ocrx_word' id='word_1_165' title='bbox 1983 942 2091 986; x_wconf 90' lang='lat' dir='ltr'><strong>tam</strong></span> <span class='ocrx_word' id='word_1_166' title='bbox 2126 935 2278 988; x_wconf 90' lang='lat' dir='ltr'><strong>cordi</strong></span> <span class='ocrx_word' id='word_1_167' title='bbox 2313 937 2540 999; x_wconf 80' lang='lat' dir='ltr'><strong>habent,</strong></span> <span class='ocrx_word' id='word_1_168' title='bbox 2571 940 2851 1007; x_wconf 88' lang='lat' dir='ltr'><strong>quomodo</strong></span> <span class='ocrx_word' id='word_1_169' title='bbox 2891 941 3337 995; x_wconf 71' lang='lat' dir='ltr'><strong>Lacedmmonius</strong></span> <span class='ocrx_word' id='word_1_170' title='bbox 3383 940 3552 994; x_wconf 83' lang='lat' dir='ltr'><strong>alios-</strong></span> 
     </span>
    </p>
   </div>
   <div class='ocr_carea' id='block_1_25' title="bbox 1976 1027 3550 1104">
    <p class='ocr_par' dir='ltr' id='par_1_25' title="bbox 1976 1027 3550 1104">
     <span class='ocr_line' id='line_1_25' title="bbox 1976 1027 3550 1104; baseline 0.005 -25"><span class='ocrx_word' id='word_1_171' title='bbox 1976 1041 2084 1094; x_wconf 86' lang='lat' dir='ltr'><strong>que</strong></span> <span class='ocrx_word' id='word_1_172' title='bbox 2112 1027 2303 1083; x_wconf 88' lang='lat' dir='ltr'><strong>hostes</strong></span> <span class='ocrx_word' id='word_1_173' title='bbox 2343 1045 2476 1084; x_wconf 88' lang='lat' dir='ltr'><strong>sttos</strong></span> <span class='ocrx_word' id='word_1_174' title='bbox 2512 1031 2812 1096; x_wconf 89' lang='lat' dir='ltr'><strong>debellent,</strong></span> <span class='ocrx_word' id='word_1_175' title='bbox 2841 1049 3006 1104; x_wconf 88' lang='lat' dir='ltr'><strong>quam</strong></span> <span class='ocrx_word' id='word_1_176' title='bbox 3044 1043 3104 1086; x_wconf 86' lang='lat' dir='ltr'><strong>ut</strong></span> <span class='ocrx_word' id='word_1_177' title='bbox 3139 1049 3207 1098; x_wconf 77' lang='lat' dir='ltr'><strong>ne</strong></span> <span class='ocrx_word' id='word_1_178' title='bbox 3238 1033 3338 1103; x_wconf 83' lang='lat' dir='ltr'><strong>ipsi</strong></span> <span class='ocrx_word' id='word_1_179' title='bbox 3371 1032 3550 1087; x_wconf 88' lang='lat' dir='ltr'><strong>aereis</strong></span> 
     </span>
    </p>
   </div>
   <div class='ocr_carea' id='block_1_26' title="bbox 1980 1118 3551 1194">
    <p class='ocr_par' dir='ltr' id='par_1_26' title="bbox 1980 1118 3551 1194">
     <span class='ocr_line' id='line_1_26' title="bbox 1980 1118 3551 1194; baseline 0.003 -23"><span class='ocrx_word' id='word_1_180' title='bbox 1980 1118 2341 1186; x_wconf 83' lang='lat' dir='ltr'><strong>p0testatibus</strong></span> <span class='ocrx_word' id='word_1_181' title='bbox 2404 1123 2734 1190; x_wconf 85' lang='lat' dir='ltr'><strong>subdantur,</strong></span> <span class='ocrx_word' id='word_1_182' title='bbox 2783 1134 2838 1179; x_wconf 88' lang='lat' dir='ltr'><strong>et</strong></span> <span class='ocrx_word' id='word_1_183' title='bbox 2891 1141 2988 1194; x_wconf 90' lang='lat' dir='ltr'><strong>par</strong></span> <span class='ocrx_word' id='word_1_184' title='bbox 3030 1134 3173 1191; x_wconf 84' lang='lat' dir='ltr'><strong>erat,</strong></span> <span class='ocrx_word' id='word_1_185' title='bbox 3229 1136 3288 1180; x_wconf 93' lang='lat' dir='ltr'><strong>ut</strong></span> <span class='ocrx_word' id='word_1_186' title='bbox 3341 1134 3551 1194; x_wconf 84' lang='lat' dir='ltr'><strong>quanto</strong></span> 
     </span>
    </p>
   </div>
   <div class='ocr_carea' id='block_1_27' title="bbox 1977 1210 3552 1286">
    <p class='ocr_par' dir='ltr' id='par_1_27' title="bbox 1977 1210 3552 1286">
     <span class='ocr_line' id='line_1_27' title="bbox 1977 1210 3552 1286; baseline 0.006 -27"><span class='ocrx_word' id='word_1_187' title='bbox 1977 1210 2336 1276; x_wconf 82' lang='lat' dir='ltr'><strong>posteriorem</strong></span> <span class='ocrx_word' id='word_1_188' title='bbox 2375 1211 2747 1280; x_wconf 87' lang='lat' dir='ltr'><strong>legislatorem</strong></span> <span class='ocrx_word' id='word_1_189' title='bbox 2780 1225 2994 1271; x_wconf 83' lang='lat' dir='ltr'><strong>veteres</strong></span> <span class='ocrx_word' id='word_1_190' title='bbox 3040 1228 3305 1286; x_wconf 62' lang='lat' dir='ltr'><strong>praestare</strong></span> <span class='ocrx_word' id='word_1_191' title='bbox 3351 1217 3552 1270; x_wconf 88' lang='lat' dir='ltr'><strong>intelli-</strong></span> 
     </span>
    </p>
   </div>
   <div class='ocr_carea' id='block_1_28' title="bbox 1977 1299 3548 1366">
    <p class='ocr_par' dir='ltr' id='par_1_28' title="bbox 1977 1299 3548 1366">
     <span class='ocr_line' id='line_1_28' title="bbox 1977 1299 3548 1366; baseline 0.007 -17"><span class='ocrx_word' id='word_1_192' title='bbox 1977 1299 2198 1366; x_wconf 84' lang='lat' dir='ltr'><strong>gebant,</strong></span> <span class='ocrx_word' id='word_1_193' title='bbox 2239 1309 2393 1355; x_wconf 90' lang='lat' dir='ltr'><strong>tanto</strong></span> <span class='ocrx_word' id='word_1_194' title='bbox 2438 1304 2506 1358; x_wconf 90' lang='lat' dir='ltr'><strong>ad</strong></span> <span class='ocrx_word' id='word_1_195' title='bbox 2563 1307 3011 1363; x_wconf 79' lang='lat' dir='ltr'><strong>excellentiorem</strong></span> <span class='ocrx_word' id='word_1_196' title='bbox 3050 1309 3266 1364; x_wconf 84' lang='lat' dir='ltr'><strong>vivendi</strong></span> <span class='ocrx_word' id='word_1_197' title='bbox 3319 1308 3548 1363; x_wconf 81' lang='lat' dir='ltr'><strong>fortnam</strong></span> 
     </span>
    </p>
   </div>
   <div class='ocr_carea' id='block_1_29' title="bbox 1972 1392 3552 1471">
    <p class='ocr_par' dir='ltr' id='par_1_29' title="bbox 1972 1392 3552 1471">
     <span class='ocr_line' id='line_1_29' title="bbox 1972 1392 3552 1471; baseline 0.008 -29"><span class='ocrx_word' id='word_1_198' title='bbox 1972 1392 2417 1450; x_wconf 77' lang='lat' dir='ltr'><strong>traducerentur.</strong></span> <span class='ocrx_word' id='word_1_199' title='bbox 2455 1394 2610 1462; x_wconf 85' lang='lat' dir='ltr'><strong>Quod</strong></span> <span class='ocrx_word' id='word_1_200' title='bbox 2655 1399 2699 1454; x_wconf 88' lang='lat' dir='ltr'><strong>si</strong></span> <span class='ocrx_word' id='word_1_201' title='bbox 2738 1401 2864 1468; x_wconf 87' lang='lat' dir='ltr'><strong>quis</strong></span> <span class='ocrx_word' id='word_1_202' title='bbox 2909 1401 3032 1456; x_wconf 90' lang='lat' dir='ltr'><strong>illos</strong></span> <span class='ocrx_word' id='word_1_203' title='bbox 3094 1402 3332 1471; x_wconf 91' lang='lat' dir='ltr'><strong>peuitius</strong></span> <span class='ocrx_word' id='word_1_204' title='bbox 3379 1401 3552 1454; x_wconf 85' lang='lat' dir='ltr'><strong>intro-</strong></span> 
     </span>
    </p>
   </div>
   <div class='ocr_carea' id='block_1_30' title="bbox 1974 1480 3548 1561">
    <p class='ocr_par' dir='ltr' id='par_1_30' title="bbox 1974 1480 3548 1561">
     <span class='ocr_line' id='line_1_30' title="bbox 1974 1480 3548 1561; baseline 0.008 -29"><span class='ocrx_word' id='word_1_205' title='bbox 1974 1480 2191 1549; x_wconf 86' lang='lat' dir='ltr'><strong>spicere</strong></span> <span class='ocrx_word' id='word_1_206' title='bbox 2221 1486 2377 1553; x_wconf 87' lang='lat' dir='ltr'><strong>velit,</strong></span> <span class='ocrx_word' id='word_1_207' title='bbox 2420 1488 2718 1559; x_wconf 89' lang='lat' dir='ltr'><strong>intelliget,</strong></span> <span class='ocrx_word' id='word_1_208' title='bbox 2778 1493 3069 1561; x_wconf 84' lang='lat' dir='ltr'><strong>imperium</strong></span> <span class='ocrx_word' id='word_1_209' title='bbox 3121 1493 3174 1546; x_wconf 91' lang='lat' dir='ltr'><strong>in</strong></span> <span class='ocrx_word' id='word_1_210' title='bbox 3233 1492 3372 1547; x_wconf 86' lang='lat' dir='ltr'><strong>alius</strong></span> <span class='ocrx_word' id='word_1_211' title='bbox 3407 1493 3548 1546; x_wconf 75' lang='lat' dir='ltr'><strong>haud</strong></span> 
     </span>
    </p>
   </div>
   <div class='ocr_carea' id='block_1_31' title="bbox 1973 1574 3549 1656">
    <p class='ocr_par' dir='ltr' id='par_1_31' title="bbox 1973 1574 3549 1656">
     <span class='ocr_line' id='line_1_31' title="bbox 1973 1574 3549 1656; baseline 0.013 -34"><span class='ocrx_word' id='word_1_212' title='bbox 1973 1574 2153 1642; x_wconf 82' lang='lat' dir='ltr'><strong>magni</strong></span> <span class='ocrx_word' id='word_1_213' title='bbox 2183 1575 2254 1630; x_wconf 86' lang='lat' dir='ltr'><strong>ab</strong></span> <span class='ocrx_word' id='word_1_214' title='bbox 2297 1579 2405 1635; x_wconf 91' lang='lat' dir='ltr'><strong>illis</strong></span> <span class='ocrx_word' id='word_1_215' title='bbox 2433 1582 2622 1650; x_wconf 89' lang='lat' dir='ltr'><strong>pendi,</strong></span> <span class='ocrx_word' id='word_1_216' title='bbox 2661 1583 2715 1637; x_wconf 88' lang='lat' dir='ltr'><strong>in</strong></span> <span class='ocrx_word' id='word_1_217' title='bbox 2752 1585 2804 1639; x_wconf 90' lang='lat' dir='ltr'><strong>id</strong></span> <span class='ocrx_word' id='word_1_218' title='bbox 2838 1601 2969 1640; x_wconf 88' lang='lat' dir='ltr'><strong>vero</strong></span> <span class='ocrx_word' id='word_1_219' title='bbox 3013 1585 3097 1640; x_wconf 92' lang='lat' dir='ltr'><strong>vel</strong></span> <span class='ocrx_word' id='word_1_220' title='bbox 3155 1587 3392 1642; x_wconf 80' lang='lat' dir='ltr'><strong>maxime</strong></span> <span class='ocrx_word' id='word_1_221' title='bbox 3419 1602 3549 1656; x_wconf 90' lang='lat' dir='ltr'><strong>ope-</strong></span> 
     </span>
    </p>
   </div>
   <div class='ocr_carea' id='block_1_32' title="bbox 1971 1665 3549 1745">
    <p class='ocr_par' dir='ltr' id='par_1_32' title="bbox 1971 1665 3549 1745">
     <span class='ocr_line' id='line_1_32' title="bbox 1971 1665 3549 1745; baseline 0.011 -29"><span class='ocrx_word' id='word_1_222' title='bbox 1971 1677 2088 1718; x_wconf 88' lang='lat' dir='ltr'><strong>ram</strong></span> <span class='ocrx_word' id='word_1_223' title='bbox 2113 1665 2386 1734; x_wconf 78' lang='lat' dir='ltr'><strong>,conferri,</strong></span> <span class='ocrx_word' id='word_1_224' title='bbox 2419 1679 2476 1724; x_wconf 91' lang='lat' dir='ltr'><strong>ut</strong></span> <span class='ocrx_word' id='word_1_225' title='bbox 2529 1675 2912 1745; x_wconf 87' lang='lat' dir='ltr'><strong>unusquisque</strong></span> <span class='ocrx_word' id='word_1_226' title='bbox 2957 1685 3218 1731; x_wconf 77' lang='lat' dir='ltr'><strong>a:ternam</strong></span> <span class='ocrx_word' id='word_1_227' title='bbox 3257 1679 3549 1733; x_wconf 81' lang='lat' dir='ltr'><strong>beatitudi-</strong></span> 
     </span>
    </p>
   </div>
   <div class='ocr_carea' id='block_1_33' title="bbox 1973 1764 3586 1840">
    <p class='ocr_par' dir='ltr' id='par_1_33' title="bbox 1973 1764 3586 1840">
     <span class='ocr_line' id='line_1_33' title="bbox 1973 1764 3586 1840; baseline 0.011 -31"><span class='ocrx_word' id='word_1_228' title='bbox 1973 1771 2096 1809; x_wconf 87' lang='lat' dir='ltr'><strong>nem</strong></span> <span class='ocrx_word' id='word_1_229' title='bbox 2125 1771 2518 1831; x_wconf 86' lang='lat' dir='ltr'><strong>c0usequatur.</strong></span> <span class='ocrx_word' id='word_1_230' title='bbox 2554 1764 2716 1821; x_wconf 83' lang='lat' dir='ltr'><strong>Tales</strong></span> <span class='ocrx_word' id='word_1_231' title='bbox 2764 1783 2986 1837; x_wconf 90' lang='lat' dir='ltr'><strong>quoque</strong></span> <span class='ocrx_word' id='word_1_232' title='bbox 3031 1769 3177 1840; x_wconf 82' lang='lat' dir='ltr'><strong>leges</strong></span> <span class='ocrx_word' id='word_1_233' title='bbox 3211 1771 3317 1824; x_wconf 91' lang='lat' dir='ltr'><strong>sub</strong></span> <span class='ocrx_word' id='word_1_234' title='bbox 3378 1771 3547 1826; x_wconf 84' lang='lat' dir='ltr'><strong>Paulo</strong></span> <span class='ocrx_word' id='word_1_235' title='bbox 3578 1788 3586 1795; x_wconf 86' lang='grc'>·</span> 
     </span>
    </p>
   </div>
   <div class='ocr_carea' id='block_1_34' title="bbox 285 1836 1854 1930">
    <p class='ocr_par' dir='ltr' id='par_1_34' title="bbox 285 1844 1854 1924">
     <span class='ocr_line' id='line_1_34' title="bbox 285 1844 1854 1924; baseline 0.006 -27"><span class='ocrx_word' id='word_1_236' title='bbox 285 1862 375 1906; x_wconf 90' lang='grc' dir='ltr'><strong>τες</strong></span> <span class='ocrx_word' id='word_1_237' title='bbox 429 1846 479 1896; x_wconf 85' lang='grc' dir='ltr'><strong>οί</strong></span> <span class='ocrx_word' id='word_1_238' title='bbox 533 1845 769 1913; x_wconf 76' lang='grc' dir='ltr'>Χριστὸν</span> <span class='ocrx_word' id='word_1_239' title='bbox 850 1844 1278 1917; x_wconf 76' lang='grc' dir='ltr'>ἐπικαλούμενοι</span> <span class='ocrx_word' id='word_1_240' title='bbox 1342 1850 1592 1922; x_wconf 78' lang='grc' dir='ltr'>χαίρουσι</span> <span class='ocrx_word' id='word_1_241' title='bbox 1647 1853 1854 1924; x_wconf 83' lang='grc' dir='ltr'>χρώμε-</span> 
     </span>
    </p>
   </div>
   <div class='ocr_carea' id='block_1_35' title="bbox 1957 1836 3541 1930">
    <p class='ocr_par' dir='ltr' id='par_1_35' title="bbox 1973 1836 3541 1930">
     <span class='ocr_line' id='line_1_35' title="bbox 1973 1836 3541 1930; baseline 0.011 -30"><span class='ocrx_word' id='word_1_242' title='bbox 1973 1848 2096 1904; x_wconf 90' lang='lat' dir='ltr'><strong>tulit</strong></span> <span class='ocrx_word' id='word_1_243' title='bbox 2122 1849 2415 1923; x_wconf 86' lang='lat' dir='ltr'><strong>Dionysius</strong></span> <span class='ocrx_word' id='word_1_244' title='bbox 2475 1872 2620 1914; x_wconf 87' lang='lat' dir='ltr'><strong>unus</strong></span> <span class='ocrx_word' id='word_1_245' title='bbox 2671 1875 2737 1914; x_wconf 82' lang='lat' dir='ltr'><strong>ex</strong></span> <span class='ocrx_word' id='word_1_246' title='bbox 2769 1836 3245 1930; x_wconf 82' lang='lat' dir='ltr'><strong>Atheniensibus,</strong></span> <span class='ocrx_word' id='word_1_247' title='bbox 3302 1865 3406 1921; x_wconf 92' lang='lat' dir='ltr'><strong>nisi</strong></span> <span class='ocrx_word' id='word_1_248' title='bbox 3457 1866 3541 1920; x_wconf 64' lang='lat' dir='ltr'><strong>di»</strong></span> 
     </span>
    </p>
   </div>
   <div class='ocr_carea' id='block_1_36' title="bbox 284 1955 385 1990">
    <p class='ocr_par' dir='ltr' id='par_1_36' title="bbox 284 1955 385 1990">
     <span class='ocr_line' id='line_1_36' title="bbox 284 1955 385 1990; baseline 0.01 -1"><span class='ocrx_word' id='word_1_249' title='bbox 284 1955 385 1990; x_wconf 88' lang='grc' dir='ltr'>νοι.</span> 
     </span>
    </p>
   </div>
   <div class='ocr_carea' id='block_1_37' title="bbox 355 2203 1869 2290">
    <p class='ocr_par' dir='ltr' id='par_1_37' title="bbox 355 2203 1869 2290">
     <span class='ocr_line' id='line_1_37' title="bbox 355 2203 1869 2290; baseline 0.012 -34"><span class='ocrx_word' id='word_1_250' title='bbox 355 2203 539 2260; x_wconf 78' lang='grc' dir='ltr'>Ταῦτα</span> <span class='ocrx_word' id='word_1_251' title='bbox 577 2208 674 2279; x_wconf 86' lang='grc' dir='ltr'><strong>τῆς</strong></span> <span class='ocrx_word' id='word_1_252' title='bbox 710 2210 923 2266; x_wconf 83' lang='grc' dir='ltr'>Παύλου</span> <span class='ocrx_word' id='word_1_253' title='bbox 952 2217 1268 2288; x_wconf 76' lang='grc' dir='ltr'>παρρησίας</span> <span class='ocrx_word' id='word_1_254' title='bbox 1297 2218 1433 2290; x_wconf 84' lang='grc' dir='ltr'>ὁμοῦ</span> <span class='ocrx_word' id='word_1_255' title='bbox 1465 2219 1559 2273; x_wconf 76' lang='grc' dir='ltr'><strong>καὶ</strong></span> <span class='ocrx_word' id='word_1_256' title='bbox 1588 2219 1775 2289; x_wconf 80' lang='grc' dir='ltr'>σοφίας</span> <span class='ocrx_word' id='word_1_257' title='bbox 1800 2222 1869 2275; x_wconf 74' lang='grc' dir='ltr'><strong>τὰ</strong></span> 
     </span>
    </p>
   </div>
   <div class='ocr_carea' id='block_1_38' title="bbox 283 2297 1865 2383">
    <p class='ocr_par' dir='ltr' id='par_1_38' title="bbox 283 2297 1865 2383">
     <span class='ocr_line' id='line_1_38' title="bbox 283 2297 1865 2383; baseline 0.013 -37"><span class='ocrx_word' id='word_1_258' title='bbox 283 2297 732 2369; x_wconf 83' lang='grc' dir='ltr'>κατορθώματα.</span> <span class='ocrx_word' id='word_1_259' title='bbox 793 2305 1016 2371; x_wconf 77' lang='grc' dir='ltr'>Τούτοις</span> <span class='ocrx_word' id='word_1_260' title='bbox 1079 2310 1464 2379; x_wconf 83' lang='grc' dir='ltr'>προσηγάγετο</span> <span class='ocrx_word' id='word_1_261' title='bbox 1524 2311 1865 2383; x_wconf 84' lang='grc' dir='ltr'>Ἀθηναίους.</span> 
     </span>
    </p>
   </div>
   <div class='ocr_carea' id='block_1_39' title="bbox 283 2386 1861 2473">
    <p class='ocr_par' dir='ltr' id='par_1_39' title="bbox 283 2386 1861 2473">
     <span class='ocr_line' id='line_1_39' title="bbox 283 2386 1861 2473; baseline 0.012 -35"><span class='ocrx_word' id='word_1_262' title='bbox 283 2386 502 2442; x_wconf 86' lang='grc' dir='ltr'>Τούτων</span> <span class='ocrx_word' id='word_1_263' title='bbox 535 2392 671 2462; x_wconf 83' lang='grc' dir='ltr'>πρὸς</span> <span class='ocrx_word' id='word_1_264' title='bbox 699 2394 855 2458; x_wconf 80' lang='grc' dir='ltr'>ἀξίαν</span> <span class='ocrx_word' id='word_1_265' title='bbox 908 2399 1070 2453; x_wconf 81' lang='grc' dir='ltr'>αὐτὸν</span> <span class='ocrx_word' id='word_1_266' title='bbox 1123 2401 1364 2469; x_wconf 82' lang='grc' dir='ltr'>ἄγασθαι</span> <span class='ocrx_word' id='word_1_267' title='bbox 1420 2402 1683 2473; x_wconf 69' lang='grc' dir='ltr'>βούλομαι</span> <span class='ocrx_word' id='word_1_268' title='bbox 1742 2403 1861 2469; x_wconf 82' lang='grc' dir='ltr'>μὲν,</span> 
     </span>
    </p>
   </div>
   <div class='ocr_carea' id='block_1_40' title="bbox 283 2479 1865 2566">
    <p class='ocr_par' dir='ltr' id='par_1_40' title="bbox 283 2479 1865 2566">
     <span class='ocr_line' id='line_1_40' title="bbox 283 2479 1865 2566; baseline 0.013 -36"><span class='ocrx_word' id='word_1_269' title='bbox 283 2479 344 2531; x_wconf 78' lang='grc' dir='ltr'><strong>οὐ</strong></span> <span class='ocrx_word' id='word_1_270' title='bbox 376 2481 613 2554; x_wconf 78' lang='grc' dir='ltr'>δύναμαι</span> <span class='ocrx_word' id='word_1_271' title='bbox 641 2486 722 2540; x_wconf 88' lang='grc' dir='ltr'>δέ.</span> <span class='ocrx_word' id='word_1_272' title='bbox 755 2487 942 2541; x_wconf 89' lang='grc' dir='ltr'>Ταῦτα</span> <span class='ocrx_word' id='word_1_273' title='bbox 972 2491 1074 2553; x_wconf 84' lang='grc' dir='ltr'>τὰς</span> <span class='ocrx_word' id='word_1_274' title='bbox 1105 2493 1403 2558; x_wconf 80' lang='grc' dir='ltr'>ἐπιϐουλὰς</span> <span class='ocrx_word' id='word_1_275' title='bbox 1439 2494 1586 2566; x_wconf 80' lang='grc' dir='ltr'>αὐτῷ</span> <span class='ocrx_word' id='word_1_276' title='bbox 1615 2497 1711 2549; x_wconf 73' lang='grc' dir='ltr'><strong>καὶ</strong></span> <span class='ocrx_word' id='word_1_277' title='bbox 1737 2497 1865 2558; x_wconf 78' lang='grc' dir='ltr'>τοὺς</span> 
     </span>
    </p>
   </div>
   <div class='ocr_carea' id='block_1_41' title="bbox 282 2573 1860 2659">
    <p class='ocr_par' dir='ltr' id='par_1_41' title="bbox 282 2573 1860 2659">
     <span class='ocr_line' id='line_1_41' title="bbox 282 2573 1860 2659; baseline 0.011 -36"><span class='ocrx_word' id='word_1_278' title='bbox 282 2573 582 2642; x_wconf 82' lang='grc' dir='ltr'>κινδύνους,</span> <span class='ocrx_word' id='word_1_279' title='bbox 613 2576 696 2639; x_wconf 86' lang='grc' dir='ltr'><strong>είς</strong></span> <span class='ocrx_word' id='word_1_280' title='bbox 731 2577 877 2648; x_wconf 85' lang='grc' dir='ltr'>μέγα</span> <span class='ocrx_word' id='word_1_281' title='bbox 926 2584 1192 2652; x_wconf 84' lang='grc' dir='ltr'>προῆγεν.</span> <span class='ocrx_word' id='word_1_282' title='bbox 1228 2577 1330 2638; x_wconf 82' lang='grc' dir='ltr'>Ὧν</span> <span class='ocrx_word' id='word_1_283' title='bbox 1361 2588 1471 2658; x_wconf 86' lang='grc' dir='ltr'>γὰρ</span> <span class='ocrx_word' id='word_1_284' title='bbox 1513 2589 1576 2640; x_wconf 89' lang='grc' dir='ltr'><strong>ἐκ</strong></span> <span class='ocrx_word' id='word_1_285' title='bbox 1609 2587 1860 2659; x_wconf 80' lang='grc' dir='ltr'>πατέρων</span> 
     </span>
    </p>
   </div>
   <div class='ocr_carea' id='block_1_42' title="bbox 280 2664 1861 2748">
    <p class='ocr_par' dir='ltr' id='par_1_42' title="bbox 280 2664 1861 2748">
     <span class='ocr_line' id='line_1_42' title="bbox 280 2664 1861 2748; baseline 0.011 -33"><span class='ocrx_word' id='word_1_286' title='bbox 280 2666 358 2726; x_wconf 86' lang='grc' dir='ltr'><strong>εἰς</strong></span> <span class='ocrx_word' id='word_1_287' title='bbox 376 2664 572 2729; x_wconf 74' lang='grc' dir='ltr'>αὐτοὺς</span> <span class='ocrx_word' id='word_1_288' title='bbox 591 2668 942 2738; x_wconf 86' lang='grc' dir='ltr'>καθηκόντων</span> <span class='ocrx_word' id='word_1_289' title='bbox 965 2674 1173 2739; x_wconf 82' lang='grc' dir='ltr'>Παῦλος</span> <span class='ocrx_word' id='word_1_290' title='bbox 1196 2676 1433 2744; x_wconf 74' lang='grc' dir='ltr'>ἀπάγειν</span> <span class='ocrx_word' id='word_1_291' title='bbox 1451 2678 1626 2748; x_wconf 68' lang='grc' dir='ltr'>ἠξίου,</span> <span class='ocrx_word' id='word_1_292' title='bbox 1650 2682 1861 2733; x_wconf 87' lang='grc' dir='ltr'>τούτων</span> 
     </span>
    </p>
   </div>
   <div class='ocr_carea' id='block_1_43' title="bbox 278 2755 1861 2838">
    <p class='ocr_par' dir='ltr' id='par_1_43' title="bbox 278 2755 1861 2838">
     <span class='ocr_line' id='line_1_43' title="bbox 278 2755 1861 2838; baseline 0.01 -33"><span class='ocrx_word' id='word_1_293' title='bbox 278 2755 326 2806; x_wconf 76' lang='lat' dir='ltr'><strong>oi</strong></span> <span class='ocrx_word' id='word_1_294' title='bbox 351 2756 556 2826; x_wconf 72' lang='grc' dir='ltr'>σφόδρα</span> <span class='ocrx_word' id='word_1_295' title='bbox 578 2757 668 2810; x_wconf 74' lang='grc' dir='ltr'><strong>καὶ</strong></span> <span class='ocrx_word' id='word_1_296' title='bbox 686 2760 778 2812; x_wconf 77' lang='grc' dir='ltr'><strong>ἐπὶ</strong></span> <span class='ocrx_word' id='word_1_297' title='bbox 799 2761 955 2833; x_wconf 87' lang='grc' dir='ltr'>κακῷ</span> <span class='ocrx_word' id='word_1_298' title='bbox 985 2764 1087 2833; x_wconf 85' lang='grc' dir='ltr'><strong>τῆς</strong></span> <span class='ocrx_word' id='word_1_299' title='bbox 1120 2765 1274 2834; x_wconf 75' lang='grc' dir='ltr'>σφῶν</span> <span class='ocrx_word' id='word_1_300' title='bbox 1304 2767 1480 2820; x_wconf 81' lang='grc' dir='ltr'>αὐτῶν</span> <span class='ocrx_word' id='word_1_301' title='bbox 1511 2768 1752 2838; x_wconf 78' lang='grc' dir='ltr'>κεφαλῆς</span> <span class='ocrx_word' id='word_1_302' title='bbox 1774 2788 1861 2838; x_wconf 84' lang='grc' dir='ltr'><strong>φι-</strong></span> 
     </span>
    </p>
   </div>
   <div class='ocr_carea' id='block_1_44' title="bbox 277 2845 1861 2931">
    <p class='ocr_par' dir='ltr' id='par_1_44' title="bbox 277 2845 1861 2931">
     <span class='ocr_line' id='line_1_44' title="bbox 277 2845 1861 2931; baseline 0.011 -34"><span class='ocrx_word' id='word_1_303' title='bbox 277 2845 574 2917; x_wconf 79' lang='grc' dir='ltr'>λοπάτορες</span> <span class='ocrx_word' id='word_1_304' title='bbox 604 2853 1025 2922; x_wconf 81' lang='grc' dir='ltr'>προῖστάμενοι,</span> <span class='ocrx_word' id='word_1_305' title='bbox 1076 2856 1255 2910; x_wconf 83' lang='grc' dir='ltr'>πάντα</span> <span class='ocrx_word' id='word_1_306' title='bbox 1288 2858 1480 2912; x_wconf 84' lang='grc' dir='ltr'>παθεῖν</span> <span class='ocrx_word' id='word_1_307' title='bbox 1531 2860 1597 2913; x_wconf 85' lang='grc' dir='ltr'><strong>ἂν</strong></span> <span class='ocrx_word' id='word_1_308' title='bbox 1656 2862 1861 2931; x_wconf 84' lang='grc' dir='ltr'>μᾶλλον</span> 
     </span>
    </p>
   </div>
   <div class='ocr_carea' id='block_1_45' title="bbox 278 2936 1859 3018">
    <p class='ocr_par' dir='ltr' id='par_1_45' title="bbox 278 2936 1859 3018">
     <span class='ocr_line' id='line_1_45' title="bbox 278 2936 1859 3018; baseline 0.015 -31"><span class='ocrx_word' id='word_1_309' title='bbox 278 2936 592 3006; x_wconf 68' lang='grc' dir='ltr'>ἠνέσχοντο,</span> <span class='ocrx_word' id='word_1_310' title='bbox 621 2939 654 3009; x_wconf 85' lang='grc' dir='ltr'>ἣ</span> <span class='ocrx_word' id='word_1_311' title='bbox 689 2940 902 2996; x_wconf 85' lang='grc' dir='ltr'>Παῦλον</span> <span class='ocrx_word' id='word_1_312' title='bbox 931 2946 1064 3016; x_wconf 84' lang='grc' dir='ltr'>ὀρᾷν</span> <span class='ocrx_word' id='word_1_313' title='bbox 1087 2947 1271 3018; x_wconf 67' lang='grc' dir='ltr'>ἀπαθῆ</span> <span class='ocrx_word' id='word_1_314' title='bbox 1314 2951 1498 3005; x_wconf 84' lang='grc' dir='ltr'>κακῶν</span> <span class='ocrx_word' id='word_1_315' title='bbox 1529 2953 1597 3005; x_wconf 75' lang='grc' dir='ltr'>τὰ</span> <span class='ocrx_word' id='word_1_316' title='bbox 1620 2955 1859 3011; x_wconf 85' lang='grc' dir='ltr'>τοσαῦτα</span> 
     </span>
    </p>
   </div>
   <div class='ocr_carea' id='block_1_46' title="bbox 278 3031 1858 3118">
    <p class='ocr_par' dir='ltr' id='par_1_46' title="bbox 278 3031 1858 3118">
     <span class='ocr_line' id='line_1_46' title="bbox 278 3031 1858 3118; baseline 0.015 -38"><span class='ocrx_word' id='word_1_317' title='bbox 278 3031 729 3098; x_wconf 82' lang='grc' dir='ltr'>καινοτομοῦντα.</span> <span class='ocrx_word' id='word_1_318' title='bbox 769 3035 831 3087; x_wconf 86' lang='lat' dir='ltr'><strong>Ol</strong></span> <span class='ocrx_word' id='word_1_319' title='bbox 863 3037 971 3106; x_wconf 74' lang='grc' dir='ltr'>γὰρ</span> <span class='ocrx_word' id='word_1_320' title='bbox 1000 3039 1137 3106; x_wconf 83' lang='grc' dir='ltr'><strong>μηδέ</strong></span> <span class='ocrx_word' id='word_1_321' title='bbox 1156 3040 1251 3092; x_wconf 87' lang='grc' dir='ltr'><strong>τοῦ</strong></span> <span class='ocrx_word' id='word_1_322' title='bbox 1287 3043 1488 3096; x_wconf 77' lang='grc' dir='ltr'>οἰκείου</span> <span class='ocrx_word' id='word_1_323' title='bbox 1529 3047 1858 3118; x_wconf 74' lang='grc' dir='ltr'>Σωκράτους</span> 
     </span>
    </p>
   </div>
   <div class='ocr_carea' id='block_1_47' title="bbox 278 3123 1855 3212">
    <p class='ocr_par' dir='ltr' id='par_1_47' title="bbox 278 3123 1855 3212">
     <span class='ocr_line' id='line_1_47' title="bbox 278 3123 1855 3212; baseline 0.015 -40"><span class='ocrx_word' id='word_1_324' title='bbox 278 3123 622 3192; x_wconf 80' lang='grc' dir='ltr'>φεισάμενοι,</span> <span class='ocrx_word' id='word_1_325' title='bbox 657 3125 773 3179; x_wconf 87' lang='grc' dir='ltr'>ἀλλ’</span> <span class='ocrx_word' id='word_1_326' title='bbox 806 3128 946 3181; x_wconf 76' lang='grc' dir='ltr'>οὕτω</span> <span class='ocrx_word' id='word_1_327' title='bbox 973 3130 1273 3206; x_wconf 69' lang='grc' dir='ltr'>προθύμως</span> <span class='ocrx_word' id='word_1_328' title='bbox 1311 3136 1372 3188; x_wconf 81' lang='grc' dir='ltr'><strong>τὸ</strong></span> <span class='ocrx_word' id='word_1_329' title='bbox 1402 3136 1628 3192; x_wconf 85' lang='grc' dir='ltr'>κώνειον</span> <span class='ocrx_word' id='word_1_330' title='bbox 1658 3141 1736 3211; x_wconf 83' lang='grc' dir='ltr'>τῷ</span> <span class='ocrx_word' id='word_1_331' title='bbox 1765 3145 1855 3212; x_wconf 85' lang='grc' dir='ltr'>γέ-</span> 
     </span>
    </p>
   </div>
   <div class='ocr_carea' id='block_1_48' title="bbox 277 3217 1852 3305">
    <p class='ocr_par' dir='ltr' id='par_1_48' title="bbox 277 3217 1852 3305">
     <span class='ocr_line' id='line_1_48' title="bbox 277 3217 1852 3305; baseline 0.015 -41"><span class='ocrx_word' id='word_1_332' title='bbox 277 3232 426 3284; x_wconf 79' lang='grc' dir='ltr'>ροντι</span> <span class='ocrx_word' id='word_1_333' title='bbox 473 3217 567 3270; x_wconf 72' lang='grc' dir='ltr'><strong>καὶ</strong></span> <span class='ocrx_word' id='word_1_334' title='bbox 616 3219 891 3290; x_wconf 79' lang='grc' dir='ltr'>φιλοσόφῳ</span> <span class='ocrx_word' id='word_1_335' title='bbox 944 3223 1358 3294; x_wconf 82' lang='grc' dir='ltr'>προτείναντες,</span> <span class='ocrx_word' id='word_1_336' title='bbox 1415 3228 1605 3301; x_wconf 80' lang='grc' dir='ltr'>ῶσπερ</span> <span class='ocrx_word' id='word_1_337' title='bbox 1672 3233 1738 3287; x_wconf 80' lang='grc' dir='ltr'><strong>ἂν</strong></span> <span class='ocrx_word' id='word_1_338' title='bbox 1765 3236 1852 3305; x_wconf 83' lang='grc' dir='ltr'>εἴη</span> 
     </span>
    </p>
   </div>
   <div class='ocr_carea' id='block_1_49' title="bbox 274 3309 1852 3396">
    <p class='ocr_par' dir='ltr' id='par_1_49' title="bbox 274 3309 1852 3396">
     <span class='ocr_line' id='line_1_49' title="bbox 274 3309 1852 3396; baseline 0.013 -37"><span class='ocrx_word' id='word_1_339' title='bbox 274 3309 498 3379; x_wconf 86' lang='grc' dir='ltr'>νέκταρ,</span> <span class='ocrx_word' id='word_1_340' title='bbox 534 3309 688 3362; x_wconf 79' lang='grc' dir='ltr'>αὐτοὶ</span> <span class='ocrx_word' id='word_1_341' title='bbox 720 3310 896 3396; x_wconf 67' lang='grc' dir='ltr'>πίνειν</span> <span class='ocrx_word' id='word_1_342' title='bbox 942 3313 1189 3383; x_wconf 76' lang='grc' dir='ltr'>ἔμελλον.</span> <span class='ocrx_word' id='word_1_343' title='bbox 1230 3318 1294 3370; x_wconf 89' lang='grc' dir='ltr'><em>Ὃ</em></span> <span class='ocrx_word' id='word_1_344' title='bbox 1325 3319 1389 3390; x_wconf 81' lang='grc' dir='ltr'><strong>δὴ</strong></span> <span class='ocrx_word' id='word_1_345' title='bbox 1443 3325 1666 3391; x_wconf 79' lang='grc' dir='ltr'>ποιηταὶ</span> <span class='ocrx_word' id='word_1_346' title='bbox 1702 3327 1852 3396; x_wconf 75' lang='grc' dir='ltr'>πόμα</span> 
     </span>
    </p>
   </div>
   <div class='ocr_carea' id='block_1_50' title="bbox 275 3385 1849 3487">
    <p class='ocr_par' dir='ltr' id='par_1_50' title="bbox 275 3385 1849 3487">
     <span class='ocr_line' id='line_1_50' title="bbox 275 3385 1849 3487; baseline 0.014 -39"><span class='ocrx_word' id='word_1_347' title='bbox 275 3397 415 3459; x_wconf 78' lang='grc' dir='ltr'>θεοῖς</span> <span class='ocrx_word' id='word_1_348' title='bbox 444 3399 733 3466; x_wconf 74' lang='grc' dir='ltr'>ἐκέρασαν,</span> <span class='ocrx_word' id='word_1_349' title='bbox 771 3385 936 3474; x_wconf 50' lang='grc' dir='ltr'>σλολῇ</span> <span class='ocrx_word' id='word_1_350' title='bbox 968 3404 1022 3472; x_wconf 84' lang='grc' dir='ltr'>γ’</span> <span class='ocrx_word' id='word_1_351' title='bbox 1082 3405 1152 3459; x_wconf 85' lang='grc' dir='ltr'>ἂν</span> <span class='ocrx_word' id='word_1_352' title='bbox 1193 3406 1272 3478; x_wconf 80' lang='grc' dir='ltr'>τῷ</span> <span class='ocrx_word' id='word_1_353' title='bbox 1305 3385 1389 3462; x_wconf 30' lang='grc' dir='ltr'>ἐκ*</span> <span class='ocrx_word' id='word_1_354' title='bbox 1419 3411 1787 3486; x_wconf 77' lang='grc' dir='ltr'>Παλαιστίνης</span> <span class='ocrx_word' id='word_1_355' title='bbox 1819 3418 1849 3487; x_wconf 89' lang='grc' dir='ltr'>ἢ</span> 
     </span>
    </p>
   </div>
   <div class='ocr_carea' id='block_1_51' title="bbox 277 3489 1850 3577">
    <p class='ocr_par' dir='ltr' id='par_1_51' title="bbox 277 3489 1850 3577">
     <span class='ocr_line' id='line_1_51' title="bbox 277 3489 1850 3577; baseline 0.015 -40"><span class='ocrx_word' id='word_1_356' title='bbox 277 3489 529 3552; x_wconf 83' lang='grc' dir='ltr'>Κιλικίας</span> <span class='ocrx_word' id='word_1_357' title='bbox 561 3492 725 3545; x_wconf 83' lang='grc' dir='ltr'>ποθέν</span> <span class='ocrx_word' id='word_1_358' title='bbox 750 3494 942 3563; x_wconf 81' lang='grc' dir='ltr'>ῆκοντι</span> <span class='ocrx_word' id='word_1_359' title='bbox 979 3495 1080 3549; x_wconf 76' lang='grc' dir='ltr'><strong>οὐκ</strong></span> <span class='ocrx_word' id='word_1_360' title='bbox 1127 3497 1484 3572; x_wconf 81' lang='grc' dir='ltr'>ἀπαραίτητα</span> <span class='ocrx_word' id='word_1_361' title='bbox 1520 3499 1667 3575; x_wconf 75' lang='grc' dir='ltr'>εἶχον</span> <span class='ocrx_word' id='word_1_362' title='bbox 1702 3508 1850 3577; x_wconf 86' lang='grc' dir='ltr'>ὀργί-</span> 
     </span>
    </p>
   </div>
   <div class='ocr_carea' id='block_1_52' title="bbox 275 3580 1848 3669">
    <p class='ocr_par' dir='ltr' id='par_1_52' title="bbox 275 3580 1848 3669">
     <span class='ocr_line' id='line_1_52' title="bbox 275 3580 1848 3669; baseline 0.015 -39"><span class='ocrx_word' id='word_1_363' title='bbox 275 3580 484 3642; x_wconf 76' lang='grc' dir='ltr'>ζεσθαι.</span> <span class='ocrx_word' id='word_1_364' title='bbox 513 3582 704 3636; x_wconf 86' lang='grc' dir='ltr'>Καίτοι</span> <span class='ocrx_word' id='word_1_365' title='bbox 755 3586 1053 3657; x_wconf 83' lang='grc' dir='ltr'>Σωκράτης</span> <span class='ocrx_word' id='word_1_366' title='bbox 1094 3589 1280 3643; x_wconf 77' lang='grc' dir='ltr'>λαϐὼν</span> <span class='ocrx_word' id='word_1_367' title='bbox 1331 3594 1535 3660; x_wconf 80' lang='grc' dir='ltr'>αἰτίαν,</span> <span class='ocrx_word' id='word_1_368' title='bbox 1565 3597 1691 3662; x_wconf 83' lang='grc' dir='ltr'>τοὺς</span> <span class='ocrx_word' id='word_1_369' title='bbox 1749 3602 1848 3669; x_wconf 85' lang='grc' dir='ltr'><strong>μὲν</strong></span> 
     </span>
    </p>
   </div>
   <div class='ocr_carea' id='block_1_53' title="bbox 275 3673 1846 3760">
    <p class='ocr_par' dir='ltr' id='par_1_53' title="bbox 275 3673 1846 3760">
     <span class='ocr_line' id='line_1_53' title="bbox 275 3673 1846 3760; baseline 0.017 -40"><span class='ocrx_word' id='word_1_370' title='bbox 275 3673 664 3741; x_wconf 72' lang='grc' dir='ltr'>νομιζομένους</span> <span class='ocrx_word' id='word_1_371' title='bbox 690 3674 845 3740; x_wconf 80' lang='grc' dir='ltr'>θεοὺς</span> <span class='ocrx_word' id='word_1_372' title='bbox 886 3679 1058 3748; x_wconf 79' lang='grc' dir='ltr'>μηδὲν</span> <span class='ocrx_word' id='word_1_373' title='bbox 1093 3678 1236 3746; x_wconf 73' lang='grc' dir='ltr'>εἶναι</span> <span class='ocrx_word' id='word_1_374' title='bbox 1292 3683 1495 3753; x_wconf 88' lang='grc' dir='ltr'>λέγειν,</span> <span class='ocrx_word' id='word_1_375' title='bbox 1553 3690 1773 3760; x_wconf 82' lang='grc' dir='ltr'>ἐτέρους</span> <span class='ocrx_word' id='word_1_376' title='bbox 1803 3695 1846 3746; x_wconf 84' lang='grc' dir='ltr'><strong>δ’</strong></span> 
     </span>
    </p>
   </div>
   <div class='ocr_carea' id='block_1_54' title="bbox 272 3763 1848 3853">
    <p class='ocr_par' dir='ltr' id='par_1_54' title="bbox 272 3763 1848 3853">
     <span class='ocr_line' id='line_1_54' title="bbox 272 3763 1848 3853; baseline 0.014 -38"><span class='ocrx_word' id='word_1_377' title='bbox 272 3763 388 3816; x_wconf 81' lang='grc' dir='ltr'>ἀντ’</span> <span class='ocrx_word' id='word_1_378' title='bbox 419 3766 645 3819; x_wconf 76' lang='grc' dir='ltr'>ἐκείνων</span> <span class='ocrx_word' id='word_1_379' title='bbox 697 3769 960 3838; x_wconf 80' lang='grc' dir='ltr'>εἰσάγειν,</span> <span class='ocrx_word' id='word_1_380' title='bbox 996 3770 1120 3825; x_wconf 79' lang='grc' dir='ltr'>οὕτε</span> <span class='ocrx_word' id='word_1_381' title='bbox 1153 3779 1404 3830; x_wconf 80' lang='grc' dir='ltr'>συνεῖπεν</span> <span class='ocrx_word' id='word_1_382' title='bbox 1447 3771 1685 3853; x_wconf 70' lang='grc' dir='ltr'>οὐδαμοῦ</span> <span class='ocrx_word' id='word_1_383' title='bbox 1734 3790 1848 3851; x_wconf 83' lang='grc' dir='ltr'>τοῖς</span> 
     </span>
    </p>
   </div>
   <div class='ocr_carea' id='block_1_55' title="bbox 272 3859 1844 3947">
    <p class='ocr_par' dir='ltr' id='par_1_55' title="bbox 272 3859 1844 3947">
     <span class='ocr_line' id='line_1_55' title="bbox 272 3859 1844 3947; baseline 0.017 -40"><span class='ocrx_word' id='word_1_384' title='bbox 272 3859 689 3928; x_wconf 65' lang='grc' dir='ltr'>κατηγοροῦσιν,</span> <span class='ocrx_word' id='word_1_385' title='bbox 716 3860 830 3915; x_wconf 77' lang='grc' dir='ltr'>οὗθ’</span> <span class='ocrx_word' id='word_1_386' title='bbox 860 3863 935 3927; x_wconf 86' lang='grc' dir='ltr'>ὡς</span> <span class='ocrx_word' id='word_1_387' title='bbox 948 3864 1122 3937; x_wconf 79' lang='grc' dir='ltr'>ἀληθῆ</span> <span class='ocrx_word' id='word_1_388' title='bbox 1143 3868 1415 3936; x_wconf 87' lang='grc' dir='ltr'>λεγόντων</span> <span class='ocrx_word' id='word_1_389' title='bbox 1436 3874 1844 3947; x_wconf 80' lang='grc' dir='ltr'>ἐπεσημήνατο.</span> 
     </span>
    </p>
   </div>
   <div class='ocr_carea' id='block_1_56' title="bbox 272 3949 1846 4035">
    <p class='ocr_par' dir='ltr' id='par_1_56' title="bbox 272 3949 1846 4035">
     <span class='ocr_line' id='line_1_56' title="bbox 272 3949 1846 4035; baseline 0.016 -35"><span class='ocrx_word' id='word_1_390' title='bbox 272 3949 479 4013; x_wconf 69' lang='grc' dir='ltr'>Παῦλος</span> <span class='ocrx_word' id='word_1_391' title='bbox 515 3952 592 4014; x_wconf 80' lang='grc' dir='ltr'>δὲ,</span> <span class='ocrx_word' id='word_1_392' title='bbox 649 3955 701 4006; x_wconf 82' lang='grc' dir='ltr'><strong>εί</strong></span> <span class='ocrx_word' id='word_1_393' title='bbox 757 3972 814 4006; x_wconf 90' lang='grc' dir='ltr'><strong>τι</strong></span> <span class='ocrx_word' id='word_1_394' title='bbox 869 3955 1029 4010; x_wconf 89' lang='grc' dir='ltr'>τοῦτο</span> <span class='ocrx_word' id='word_1_395' title='bbox 1086 3960 1222 4028; x_wconf 69' lang='grc' dir='ltr'>πρὶς</span> <span class='ocrx_word' id='word_1_396' title='bbox 1275 3967 1616 4035; x_wconf 77' lang='grc' dir='ltr'>κατηγορίαν</span> <span class='ocrx_word' id='word_1_397' title='bbox 1665 3970 1846 4025; x_wconf 71' lang='grc' dir='ltr'>ἕλκειν</span> 
     </span>
    </p>
   </div>
   <div class='ocr_carea' id='block_1_57' title="bbox 267 4039 1845 4126">
    <p class='ocr_par' dir='ltr' id='par_1_57' title="bbox 267 4039 1845 4126">
     <span class='ocr_line' id='line_1_57' title="bbox 267 4039 1845 4126; baseline 0.017 -37"><span class='ocrx_word' id='word_1_398' title='bbox 267 4039 463 4108; x_wconf 79' lang='grc' dir='ltr'>χρεὼν,</span> <span class='ocrx_word' id='word_1_399' title='bbox 516 4051 823 4115; x_wconf 69' lang='grc' dir='ltr'>κατήγορος</span> <span class='ocrx_word' id='word_1_400' title='bbox 881 4047 1078 4100; x_wconf 86' lang='grc' dir='ltr'>ἐαυτοῦ</span> <span class='ocrx_word' id='word_1_401' title='bbox 1131 4050 1460 4121; x_wconf 75' lang='grc' dir='ltr'>διαπρύσιος</span> <span class='ocrx_word' id='word_1_402' title='bbox 1517 4060 1574 4109; x_wconf 81' lang='grc' dir='ltr'><strong>ἐν</strong></span> <span class='ocrx_word' id='word_1_403' title='bbox 1636 4065 1845 4126; x_wconf 89' lang='grc' dir='ltr'>τούτοις</span> 
     </span>
    </p>
   </div>
   <div class='ocr_carea' id='block_1_58' title="bbox 267 4130 1842 4222">
    <p class='ocr_par' dir='ltr' id='par_1_58' title="bbox 267 4130 1842 4222">
     <span class='ocr_line' id='line_1_58' title="bbox 267 4130 1842 4222; baseline 0.018 -45"><span class='ocrx_word' id='word_1_404' title='bbox 267 4130 584 4201; x_wconf 77' lang='grc' dir='ltr'>εἰσήρχετο,</span> <span class='ocrx_word' id='word_1_405' title='bbox 629 4135 725 4188; x_wconf 80' lang='grc' dir='ltr'>καὶ</span> <span class='ocrx_word' id='word_1_406' title='bbox 778 4137 885 4188; x_wconf 90' lang='grc' dir='ltr'><strong>τῶν</strong></span> <span class='ocrx_word' id='word_1_407' title='bbox 941 4136 1142 4201; x_wconf 74' lang='grc' dir='ltr'>ἔξωθεν</span> <span class='ocrx_word' id='word_1_408' title='bbox 1188 4141 1351 4195; x_wconf 75' lang='grc' dir='ltr'>αὐτὸν</span> <span class='ocrx_word' id='word_1_409' title='bbox 1402 4146 1654 4213; x_wconf 78' lang='grc' dir='ltr'>ἀσεϐείας</span> <span class='ocrx_word' id='word_1_410' title='bbox 1691 4156 1842 4222; x_wconf 77' lang='grc' dir='ltr'>παρὰ</span> 
     </span>
    </p>
   </div>
   <div class='ocr_carea' id='block_1_59' title="bbox 264 4223 1842 4306">
    <p class='ocr_par' dir='ltr' id='par_1_59' title="bbox 264 4223 1842 4306">
     <span class='ocr_line' id='line_1_59' title="bbox 264 4223 1842 4306; baseline 0.018 -37"><span class='ocrx_word' id='word_1_411' title='bbox 264 4223 376 4284; x_wconf 88' lang='grc' dir='ltr'>τοῖς</span> <span class='ocrx_word' id='word_1_412' title='bbox 438 4224 694 4278; x_wconf 73' lang='grc' dir='ltr'>ἀσεϐοῦσι</span> <span class='ocrx_word' id='word_1_413' title='bbox 765 4231 1126 4301; x_wconf 78' lang='grc' dir='ltr'>γραφομένων</span> <span class='ocrx_word' id='word_1_414' title='bbox 1200 4235 1261 4288; x_wconf 82' lang='grc' dir='ltr'><strong>οὐ</strong></span> <span class='ocrx_word' id='word_1_415' title='bbox 1331 4241 1666 4306; x_wconf 61' lang='grc' dir='ltr'>προσεδεῖτο.</span> <span class='ocrx_word' id='word_1_416' title='bbox 1732 4248 1842 4299; x_wconf 68' lang='grc' dir='ltr'><strong>Καὶ</strong></span> 
     </span>
    </p>
   </div>
   <div class='ocr_carea' id='block_1_60' title="bbox 267 4314 1842 4401">
    <p class='ocr_par' dir='ltr' id='par_1_60' title="bbox 267 4314 1842 4401">
     <span class='ocr_line' id='line_1_60' title="bbox 267 4314 1842 4401; baseline 0.018 -38"><span class='ocrx_word' id='word_1_417' title='bbox 267 4314 560 4385; x_wconf 69' lang='grc' dir='ltr'>Σωκράτης</span> <span class='ocrx_word' id='word_1_418' title='bbox 604 4319 705 4386; x_wconf 82' lang='grc' dir='ltr'><strong>μὲν</strong></span> <span class='ocrx_word' id='word_1_419' title='bbox 729 4321 792 4373; x_wconf 86' lang='grc' dir='ltr'><strong>ού</strong></span> <span class='ocrx_word' id='word_1_420' title='bbox 844 4323 954 4376; x_wconf 88' lang='grc' dir='ltr'><strong>τῶν</strong></span> <span class='ocrx_word' id='word_1_421' title='bbox 1009 4325 1221 4379; x_wconf 84' lang='grc' dir='ltr'>πολλῶν</span> <span class='ocrx_word' id='word_1_422' title='bbox 1274 4328 1412 4384; x_wconf 85' lang='grc' dir='ltr'>θεῶν</span> <span class='ocrx_word' id='word_1_423' title='bbox 1452 4332 1712 4401; x_wconf 75' lang='grc' dir='ltr'>ἀφιστὰς,</span> <span class='ocrx_word' id='word_1_424' title='bbox 1762 4341 1842 4392; x_wconf 75' lang='grc' dir='ltr'><strong>ἐνὶ</strong></span> 
     </span>
    </p>
   </div>
   <div class='ocr_carea' id='block_1_61' title="bbox 265 4399 1837 4494">
    <p class='ocr_par' dir='ltr' id='par_1_61' title="bbox 265 4399 1837 4494">
     <span class='ocr_line' id='line_1_61' title="bbox 265 4399 1837 4494; baseline 0.02 -40"><span class='ocrx_word' id='word_1_425' title='bbox 265 4399 618 4473; x_wconf 61' lang='grc' dir='ltr'>παραδιδόναι</span> <span class='ocrx_word' id='word_1_426' title='bbox 652 4414 990 4481; x_wconf 86' lang='grc' dir='ltr'>κατηγορίαν</span> <span class='ocrx_word' id='word_1_427' title='bbox 1019 4414 1130 4486; x_wconf 75' lang='grc' dir='ltr'>εἶχε</span> <span class='ocrx_word' id='word_1_428' title='bbox 1158 4439 1173 4451; x_wconf 77' lang='grc' dir='ltr'><strong>ο</strong></span> <span class='ocrx_word' id='word_1_429' title='bbox 1206 4420 1416 4487; x_wconf 82' lang='grc' dir='ltr'>Παῦλος</span> <span class='ocrx_word' id='word_1_430' title='bbox 1466 4424 1837 4494; x_wconf 84' lang='grc' dir='ltr'>δ’ἐπανιστὰς,</span> 
     </span>
    </p>
   </div>
   <div class='ocr_carea' id='block_1_62' title="bbox 266 4496 1305 4580">
    <p class='ocr_par' dir='ltr' id='par_1_62' title="bbox 266 4496 1305 4580">
     <span class='ocr_line' id='line_1_62' title="bbox 266 4496 1305 4580; baseline 0.023 -36"><span class='ocrx_word' id='word_1_431' title='bbox 266 4496 342 4556; x_wconf 81' lang='grc' dir='ltr'><strong>εἰς</strong></span> <span class='ocrx_word' id='word_1_432' title='bbox 373 4497 468 4550; x_wconf 82' lang='grc' dir='ltr'>’ἐνα</span> <span class='ocrx_word' id='word_1_433' title='bbox 498 4501 556 4551; x_wconf 78' lang='grc' dir='ltr'><strong>τὸ</strong></span> <span class='ocrx_word' id='word_1_434' title='bbox 584 4500 747 4565; x_wconf 77' lang='grc' dir='ltr'>σέϐας</span> <span class='ocrx_word' id='word_1_435' title='bbox 771 4505 1126 4580; x_wconf 84' lang='grc' dir='ltr'>ἐστενοχώρει</span> <span class='ocrx_word' id='word_1_436' title='bbox 1153 4512 1305 4568; x_wconf 79' lang='grc' dir='ltr'>Θεόν.</span> 
     </span>
    </p>
   </div>
   <div class='ocr_carea' id='block_1_63' title="bbox 351 4755 1839 4843">
    <p class='ocr_par' dir='ltr' id='par_1_63' title="bbox 351 4755 1839 4843">
     <span class='ocr_line' id='line_1_63' title="bbox 351 4755 1839 4843; baseline 0.019 -36"><span class='ocrx_word' id='word_1_437' title='bbox 351 4755 489 4810; x_wconf 86' lang='grc' dir='ltr'>Ἀλλ’</span> <span class='ocrx_word' id='word_1_438' title='bbox 523 4759 649 4824; x_wconf 77' lang='grc' dir='ltr'>ἴσως</span> <span class='ocrx_word' id='word_1_439' title='bbox 679 4756 745 4833; x_wconf 77' lang='grc' dir='ltr'>ἦν</span> <span class='ocrx_word' id='word_1_440' title='bbox 784 4781 868 4828; x_wconf 87' lang='grc' dir='ltr'><strong>τις</strong></span> <span class='ocrx_word' id='word_1_441' title='bbox 921 4769 1188 4836; x_wconf 86' lang='grc' dir='ltr'>κρείττων</span> <span class='ocrx_word' id='word_1_442' title='bbox 1223 4773 1450 4843; x_wconf 80' lang='grc' dir='ltr'>ἀμύνειν</span> <span class='ocrx_word' id='word_1_443' title='bbox 1477 4777 1609 4842; x_wconf 68' lang='grc' dir='ltr'>Θεος</span> <span class='ocrx_word' id='word_1_444' title='bbox 1639 4783 1665 4833; x_wconf 79' lang='grc' dir='ltr'><strong>ὁ</strong></span> <span class='ocrx_word' id='word_1_445' title='bbox 1689 4781 1839 4835; x_wconf 85' lang='grc' dir='ltr'>Παύ-</span> 
     </span>
    </p>
   </div>
   <div class='ocr_carea' id='block_1_64' title="bbox 262 4848 1829 4944">
    <p class='ocr_par' dir='ltr' id='par_1_64' title="bbox 262 4848 1829 4944">
     <span class='ocr_line' id='line_1_64' title="bbox 262 4848 1829 4944; baseline 0.019 -44"><span class='ocrx_word' id='word_1_446' title='bbox 262 4848 356 4901; x_wconf 89' lang='grc' dir='ltr'><strong>λου</strong></span> <span class='ocrx_word' id='word_1_447' title='bbox 387 4850 537 4916; x_wconf 80' lang='grc' dir='ltr'>Θεδς,</span> <span class='ocrx_word' id='word_1_448' title='bbox 571 4854 602 4925; x_wconf 80' lang='grc' dir='ltr'>ἢ</span> <span class='ocrx_word' id='word_1_449' title='bbox 633 4855 726 4918; x_wconf 84' lang='grc' dir='ltr'><strong>οὒς</strong></span> <span class='ocrx_word' id='word_1_450' title='bbox 773 4857 898 4926; x_wconf 81' lang='grc' dir='ltr'>ἄρτι</span> <span class='ocrx_word' id='word_1_451' title='bbox 947 4859 1474 4936; x_wconf 83' lang='grc' dir='ltr'>δεδημιουργηκὲναι</span> <span class='ocrx_word' id='word_1_452' title='bbox 1535 4871 1829 4944; x_wconf 75' lang='grc' dir='ltr'>Σωκράτης</span> 
     </span>
    </p>
   </div>
   <div class='ocr_carea' id='block_1_65' title="bbox 261 4941 1832 5023">
    <p class='ocr_par' dir='ltr' id='par_1_65' title="bbox 261 4941 1832 5023">
     <span class='ocr_line' id='line_1_65' title="bbox 261 4941 1832 5023; baseline 0.017 -33"><span class='ocrx_word' id='word_1_453' title='bbox 261 4941 495 5010; x_wconf 83' lang='grc' dir='ltr'>ἐλέγετο.</span> <span class='ocrx_word' id='word_1_454' title='bbox 527 4947 743 5014; x_wconf 81' lang='grc' dir='ltr'>’Λμέλει</span> <span class='ocrx_word' id='word_1_455' title='bbox 763 4948 854 5000; x_wconf 83' lang='grc' dir='ltr'><strong>καὶ</strong></span> <span class='ocrx_word' id='word_1_456' title='bbox 878 4948 1019 5001; x_wconf 89' lang='grc' dir='ltr'>σῶον</span> <span class='ocrx_word' id='word_1_457' title='bbox 1053 4951 1351 5023; x_wconf 78' lang='grc' dir='ltr'>’Λθήνηθεν</span> <span class='ocrx_word' id='word_1_458' title='bbox 1370 4957 1460 5009; x_wconf 81' lang='grc' dir='ltr'><strong>τὸν</strong></span> <span class='ocrx_word' id='word_1_459' title='bbox 1482 4959 1630 5022; x_wconf 83' lang='grc' dir='ltr'>ξένον</span> <span class='ocrx_word' id='word_1_460' title='bbox 1660 4941 1832 5015; x_wconf 83' lang='grc' dir='ltr'>ἀπαλ-</span> 
     </span>
    </p>
   </div>
   <div class='ocr_carea' id='block_1_66' title="bbox 261 5032 1832 5121">
    <p class='ocr_par' dir='ltr' id='par_1_66' title="bbox 261 5032 1832 5121">
     <span class='ocr_line' id='line_1_66' title="bbox 261 5032 1832 5121; baseline 0.017 -39"><span class='ocrx_word' id='word_1_461' title='bbox 261 5032 548 5088; x_wconf 78' lang='grc' dir='ltr'>λάττεσθαι</span> <span class='ocrx_word' id='word_1_462' title='bbox 585 5040 991 5108; x_wconf 70' lang='grc' dir='ltr'>παρεσκεύασε,</span> <span class='ocrx_word' id='word_1_463' title='bbox 1026 5041 1119 5094; x_wconf 69' lang='grc' dir='ltr'><strong>καὶ</strong></span> <span class='ocrx_word' id='word_1_464' title='bbox 1156 5045 1283 5107; x_wconf 85' lang='grc' dir='ltr'>τοὺς</span> <span class='ocrx_word' id='word_1_465' title='bbox 1319 5049 1552 5116; x_wconf 80' lang='grc' dir='ltr'>πρόσθεν</span> <span class='ocrx_word' id='word_1_466' title='bbox 1600 5051 1832 5121; x_wconf 86' lang='grc' dir='ltr'>λεγομέ-</span> 
     </span>
    </p>
   </div>
   <div class='ocr_carea' id='block_1_67' title="bbox 261 5126 1832 5213">
    <p class='ocr_par' dir='ltr' id='par_1_67' title="bbox 261 5126 1832 5213">
     <span class='ocr_line' id='line_1_67' title="bbox 261 5126 1832 5213; baseline 0.016 -39"><span class='ocrx_word' id='word_1_467' title='bbox 261 5140 381 5186; x_wconf 80' lang='grc' dir='ltr'>νους</span> <span class='ocrx_word' id='word_1_468' title='bbox 407 5126 560 5188; x_wconf 64' lang='grc' dir='ltr'>θεοὺς</span> <span class='ocrx_word' id='word_1_469' title='bbox 585 5131 847 5184; x_wconf 79' lang='grc' dir='ltr'>ἐκλιπεῖν.</span> <span class='ocrx_word' id='word_1_470' title='bbox 870 5131 1081 5202; x_wconf 78' lang='grc' dir='ltr'>Ὥσπερ</span> <span class='ocrx_word' id='word_1_471' title='bbox 1104 5136 1232 5205; x_wconf 76' lang='grc' dir='ltr'>γὰρ,</span> <span class='ocrx_word' id='word_1_472' title='bbox 1252 5131 1306 5188; x_wconf 83' lang='grc' dir='ltr'>οἷ</span> <span class='ocrx_word' id='word_1_473' title='bbox 1328 5142 1668 5208; x_wconf 82' lang='grc' dir='ltr'>παραγέγονε</span> <span class='ocrx_word' id='word_1_474' title='bbox 1696 5145 1832 5213; x_wconf 69' lang='grc' dir='ltr'>φῶς,</span> 
     </span>
    </p>
   </div>
   <div class='ocr_carea' id='block_1_68' title="bbox 257 5221 1836 5312">
    <p class='ocr_par' dir='ltr' id='par_1_68' title="bbox 257 5221 1836 5312">
     <span class='ocr_line' id='line_1_68' title="bbox 257 5221 1836 5312; baseline 0.011 -40"><span class='ocrx_word' id='word_1_475' title='bbox 257 5221 501 5287; x_wconf 71' lang='grc' dir='ltr'>ἁχρονως</span> <span class='ocrx_word' id='word_1_476' title='bbox 557 5225 848 5291; x_wconf 70' lang='grc' dir='ltr'>ἠφάνισται</span> <span class='ocrx_word' id='word_1_477' title='bbox 917 5229 1129 5312; x_wconf 68' lang='grc' dir='ltr'>σκότος,</span> <span class='ocrx_word' id='word_1_478' title='bbox 1210 5231 1353 5282; x_wconf 81' lang='grc' dir='ltr'>οὕτω</span> <span class='ocrx_word' id='word_1_479' title='bbox 1381 5227 1499 5283; x_wconf 77' lang='grc' dir='ltr'><strong>τῶν</strong></span> <span class='ocrx_word' id='word_1_480' title='bbox 1557 5234 1836 5312; x_wconf 56' lang='grc' dir='ltr'>ψευδωνύέ</span> 
     </span>
    </p>
   </div>
   <div class='ocr_carea' id='block_1_69' title="bbox 259 5315 1835 5400">
    <p class='ocr_par' dir='ltr' id='par_1_69' title="bbox 259 5315 1835 5400">
     <span class='ocr_line' id='line_1_69' title="bbox 259 5315 1835 5400; baseline 0.015 -39"><span class='ocrx_word' id='word_1_481' title='bbox 259 5329 376 5379; x_wconf 82' lang='grc' dir='ltr'><strong>μων</strong></span> <span class='ocrx_word' id='word_1_482' title='bbox 456 5315 594 5366; x_wconf 65' lang='grc' dir='ltr'>θεῶν</span> <span class='ocrx_word' id='word_1_483' title='bbox 660 5318 880 5389; x_wconf 75' lang='grc' dir='ltr'>ὄλεθρος</span> <span class='ocrx_word' id='word_1_484' title='bbox 953 5319 1081 5372; x_wconf 73' lang='grc' dir='ltr'>ἔνθα</span> <span class='ocrx_word' id='word_1_485' title='bbox 1132 5322 1226 5374; x_wconf 91' lang='grc' dir='ltr'><strong>τοῦ</strong></span> <span class='ocrx_word' id='word_1_486' title='bbox 1292 5323 1548 5393; x_wconf 68' lang='grc' dir='ltr'>ἀληθινοῦ</span> <span class='ocrx_word' id='word_1_487' title='bbox 1627 5347 1835 5400; x_wconf 77' lang='grc' dir='ltr'>παρου-</span> 
     </span>
    </p>
   </div>
   <div class='ocr_carea' id='block_1_70' title="bbox 257 5405 368 5456">
    <p class='ocr_par' dir='ltr' id='par_1_70' title="bbox 257 5405 368 5456">
     <span class='ocr_line' id='line_1_70' title="bbox 257 5405 368 5456; baseline 0.027 -3"><span class='ocrx_word' id='word_1_488' title='bbox 257 5405 368 5456; x_wconf 65' lang='grc' dir='ltr'>σία.</span> 
     </span>
    </p>
   </div>
   <div class='ocr_carea' id='block_1_71' title="bbox 327 5496 1825 5584">
    <p class='ocr_par' dir='ltr' id='par_1_71' title="bbox 327 5496 1825 5584">
     <span class='ocr_line' id='line_1_71' title="bbox 327 5496 1825 5584; baseline 0.014 -38"><span class='ocrx_word' id='word_1_489' title='bbox 327 5496 401 5546; x_wconf 68' lang='grc' dir='ltr'><strong>Οὐ</strong></span> <span class='ocrx_word' id='word_1_490' title='bbox 434 5498 616 5552; x_wconf 91' lang='grc' dir='ltr'>τοίνυν</span> <span class='ocrx_word' id='word_1_491' title='bbox 643 5500 818 5554; x_wconf 84' lang='grc' dir='ltr'>ταῦτα</span> <span class='ocrx_word' id='word_1_492' title='bbox 851 5504 951 5570; x_wconf 84' lang='grc' dir='ltr'>μὲν</span> <span class='ocrx_word' id='word_1_493' title='bbox 987 5505 1269 5576; x_wconf 78' lang='grc' dir='ltr'>θαυμασιά</span> <span class='ocrx_word' id='word_1_494' title='bbox 1312 5525 1368 5558; x_wconf 88' lang='grc' dir='ltr'><strong>τε</strong></span> <span class='ocrx_word' id='word_1_495' title='bbox 1395 5509 1643 5578; x_wconf 79' lang='grc' dir='ltr'>ἡγεῖσθαι</span> <span class='ocrx_word' id='word_1_496' title='bbox 1699 5516 1825 5584; x_wconf 81' lang='grc' dir='ltr'>χρὴ,</span> 
     </span>
    </p>
   </div>
   <div class='ocr_carea' id='block_1_72' title="bbox 253 5589 1829 5678">
    <p class='ocr_par' dir='ltr' id='par_1_72' title="bbox 253 5589 1829 5678">
     <span class='ocr_line' id='line_1_72' title="bbox 253 5589 1829 5678; baseline 0.013 -41"><span class='ocrx_word' id='word_1_497' title='bbox 253 5589 469 5659; x_wconf 77' lang='grc' dir='ltr'>καὶτῆς</span> <span class='ocrx_word' id='word_1_498' title='bbox 501 5592 864 5664; x_wconf 79' lang='grc' dir='ltr'>ἁποστολικῆς</span> <span class='ocrx_word' id='word_1_499' title='bbox 915 5596 1303 5667; x_wconf 65' lang='grc' dir='ltr'>λαμπρῦτητος</span> <span class='ocrx_word' id='word_1_500' title='bbox 1359 5601 1486 5665; x_wconf 74' lang='grc' dir='ltr'>ἀξια</span> <span class='ocrx_word' id='word_1_501' title='bbox 1536 5605 1632 5656; x_wconf 78' lang='grc' dir='ltr'>καὶ</span> <span class='ocrx_word' id='word_1_502' title='bbox 1687 5612 1829 5678; x_wconf 75' lang='grc' dir='ltr'>παῤ-</span> 
     </span>
    </p>
   </div>
   <div class='ocr_carea' id='block_1_73' title="bbox 255 5679 1824 5766">
    <p class='ocr_par' dir='ltr' id='par_1_73' title="bbox 255 5679 1824 5766">
     <span class='ocr_line' id='line_1_73' title="bbox 255 5679 1824 5766; baseline 0.015 -35"><span class='ocrx_word' id='word_1_503' title='bbox 255 5681 468 5749; x_wconf 75' lang='grc' dir='ltr'>ρησίας,</span> <span class='ocrx_word' id='word_1_504' title='bbox 511 5679 578 5754; x_wconf 74' lang='grc' dir='ltr'>ἧς</span> <span class='ocrx_word' id='word_1_505' title='bbox 610 5685 720 5740; x_wconf 71' lang='grc' dir='ltr'><strong>οὐδ’</strong></span> <span class='ocrx_word' id='word_1_506' title='bbox 752 5689 818 5740; x_wconf 85' lang='grc' dir='ltr'><strong>ἂν</strong></span> <span class='ocrx_word' id='word_1_507' title='bbox 867 5689 1009 5741; x_wconf 80' lang='grc' dir='ltr'>εἴποι</span> <span class='ocrx_word' id='word_1_508' title='bbox 1039 5708 1121 5752; x_wconf 88' lang='grc' dir='ltr'><strong>τις</strong></span> <span class='ocrx_word' id='word_1_509' title='bbox 1159 5693 1412 5759; x_wconf 72' lang='grc' dir='ltr'>μείξονα;</span> <span class='ocrx_word' id='word_1_510' title='bbox 1452 5697 1639 5766; x_wconf 69' lang='grc' dir='ltr'>Μεκρὰ</span> <span class='ocrx_word' id='word_1_511' title='bbox 1671 5699 1726 5751; x_wconf 75' lang='grc' dir='ltr'><strong>δὲ</strong></span> <span class='ocrx_word' id='word_1_512' title='bbox 1761 5703 1824 5754; x_wconf 65' lang='grc' dir='ltr'><strong>τὰ</strong></span> 
     </span>
    </p>
   </div>
   <div class='ocr_carea' id='block_1_74' title="bbox 250 5773 1820 5862">
    <p class='ocr_par' dir='ltr' id='par_1_74' title="bbox 250 5773 1820 5862">
     <span class='ocr_line' id='line_1_74' title="bbox 250 5773 1820 5862; baseline 0.014 -39"><span class='ocrx_word' id='word_1_513' title='bbox 250 5773 350 5843; x_wconf 62' lang='grc' dir='ltr'><strong>τῆς</strong></span> <span class='ocrx_word' id='word_1_514' title='bbox 410 5779 688 5848; x_wconf 65' lang='grc' dir='ltr'>’ίρῡντίδος</span> <span class='ocrx_word' id='word_1_515' title='bbox 735 5775 804 5849; x_wconf 69' lang='grc' dir='ltr'>ἧς</span> <span class='ocrx_word' id='word_1_516' title='bbox 866 5781 975 5833; x_wconf 79' lang='grc' dir='ltr'><strong>τῶν</strong></span> <span class='ocrx_word' id='word_1_517' title='bbox 1030 5784 1337 5852; x_wconf 77' lang='grc' dir='ltr'>ἐκκλησιῶν</span> <span class='ocrx_word' id='word_1_518' title='bbox 1398 5787 1581 5840; x_wconf 76' lang='grc' dir='ltr'>ἕνεκεν</span> <span class='ocrx_word' id='word_1_519' title='bbox 1637 5787 1820 5862; x_wconf 46' lang='grc' dir='ltr'>εἵλευ</span> 
     </span>
    </p>
   </div>
   <div class='ocr_carea' id='block_1_75' title="bbox 610 5878 1371 5945">
    <p class='ocr_par' dir='ltr' id='par_1_75' title="bbox 610 5878 1371 5945">
     <span class='ocr_line' id='line_1_75' title="bbox 610 5878 1371 5945; baseline 0.004 -9"><span class='ocrx_word' id='word_1_520' title='bbox 610 5881 881 5938; x_wconf 70' lang='grc' dir='ltr'>Ριιτιιυι..</span> <span class='ocrx_word' id='word_1_521' title='bbox 924 5879 1037 5938; x_wconf 79' lang='lat' dir='ltr'><strong>Gtt.</strong></span> <span class='ocrx_word' id='word_1_522' title='bbox 1083 5878 1371 5945; x_wconf 69' lang='lat' dir='ltr'><strong>CXLVII.</strong></span> 
     </span>
    </p>
   </div>
   <div class='ocr_carea' id='block_1_76' title="bbox 1971 1939 3546 2025">
    <p class='ocr_par' dir='ltr' id='par_1_76' title="bbox 1971 1939 3546 2025">
     <span class='ocr_line' id='line_1_76' title="bbox 1971 1939 3546 2025; baseline 0.015 -37"><span class='ocrx_word' id='word_1_523' title='bbox 1971 1950 2096 1992; x_wconf 87' lang='lat' dir='ltr'><strong>cere</strong></span> <span class='ocrx_word' id='word_1_524' title='bbox 2145 1939 2354 2007; x_wconf 81' lang='lat' dir='ltr'><strong>lubeat,</strong></span> <span class='ocrx_word' id='word_1_525' title='bbox 2385 1944 2611 2001; x_wconf 87' lang='lat' dir='ltr'><strong>Paulum</strong></span> <span class='ocrx_word' id='word_1_526' title='bbox 2644 1948 2735 2004; x_wconf 92' lang='lat' dir='ltr'><strong>hic</strong></span> <span class='ocrx_word' id='word_1_527' title='bbox 2763 1966 2983 2022; x_wconf 91' lang='lat' dir='ltr'><strong>quoque</strong></span> <span class='ocrx_word' id='word_1_528' title='bbox 3030 1955 3335 2011; x_wconf 87' lang='lat' dir='ltr'><strong>ministerio</strong></span> <span class='ocrx_word' id='word_1_529' title='bbox 3383 1955 3546 2025; x_wconf 78' lang='lat' dir='ltr'><strong>hujus</strong></span> 
     </span>
    </p>
   </div>
   <div class='ocr_carea' id='block_1_77' title="bbox 1971 2028 3546 2116">
    <p class='ocr_par' dir='ltr' id='par_1_77' title="bbox 1971 2028 3546 2116">
     <span class='ocr_line' id='line_1_77' title="bbox 1971 2028 3546 2116; baseline 0.015 -35"><span class='ocrx_word' id='word_1_530' title='bbox 1971 2028 2071 2083; x_wconf 94' lang='lat' dir='ltr'><strong>viri</strong></span> <span class='ocrx_word' id='word_1_531' title='bbox 2108 2033 2304 2089; x_wconf 91' lang='lat' dir='ltr'><strong>tulisse</strong></span> <span class='ocrx_word' id='word_1_532' title='bbox 2325 2036 2493 2106; x_wconf 88' lang='lat' dir='ltr'><strong>leges,</strong></span> <span class='ocrx_word' id='word_1_533' title='bbox 2527 2041 2732 2110; x_wconf 88' lang='lat' dir='ltr'><strong>quibus</strong></span> <span class='ocrx_word' id='word_1_534' title='bbox 2755 2059 2974 2110; x_wconf 89' lang='lat' dir='ltr'><strong>omnes,</strong></span> <span class='ocrx_word' id='word_1_535' title='bbox 3012 2048 3107 2116; x_wconf 91' lang='lat' dir='ltr'><strong>qui</strong></span> <span class='ocrx_word' id='word_1_536' title='bbox 3145 2047 3422 2104; x_wconf 87' lang='lat' dir='ltr'><strong>Christum</strong></span> <span class='ocrx_word' id='word_1_537' title='bbox 3457 2051 3546 2104; x_wconf 81' lang='lat' dir='ltr'><strong>in-</strong></span> 
     </span>
    </p>
   </div>
   <div class='ocr_carea' id='block_1_78' title="bbox 1972 2130 2854 2196">
    <p class='ocr_par' dir='ltr' id='par_1_78' title="bbox 1972 2130 2854 2196">
     <span class='ocr_line' id='line_1_78' title="bbox 1972 2130 2854 2196; baseline 0.019 -25"><span class='ocrx_word' id='word_1_538' title='bbox 1972 2131 2190 2188; x_wconf 86' lang='lat' dir='ltr'><strong>vocant,</strong></span> <span class='ocrx_word' id='word_1_539' title='bbox 2219 2139 2341 2178; x_wconf 88' lang='lat' dir='ltr'><strong>cum</strong></span> <span class='ocrx_word' id='word_1_540' title='bbox 2372 2130 2571 2196; x_wconf 82' lang='lat' dir='ltr'><strong>gaudio</strong></span> <span class='ocrx_word' id='word_1_541' title='bbox 2608 2141 2854 2189; x_wconf 87' lang='lat' dir='ltr'><strong>utuntur.</strong></span> 
     </span>
    </p>
   </div>
   <div class='ocr_carea' id='block_1_79' title="bbox 2043 2214 3540 2305">
    <p class='ocr_par' dir='ltr' id='par_1_79' title="bbox 2043 2214 3540 2305">
     <span class='ocr_line' id='line_1_79' title="bbox 2043 2214 3540 2305; baseline 0.016 -37"><span class='ocrx_word' id='word_1_542' title='bbox 2043 2214 2462 2276; x_wconf 74' lang='lat' dir='ltr'><strong>llmclibertatis</strong></span> <span class='ocrx_word' id='word_1_543' title='bbox 2508 2233 2561 2278; x_wconf 87' lang='lat' dir='ltr'><strong>et</strong></span> <span class='ocrx_word' id='word_1_544' title='bbox 2619 2227 2923 2296; x_wconf 78' lang='lat' dir='ltr'><strong>sapientize,</strong></span> <span class='ocrx_word' id='word_1_545' title='bbox 2959 2247 3065 2300; x_wconf 86' lang='lat' dir='ltr'><strong>qua</strong></span> <span class='ocrx_word' id='word_1_546' title='bbox 3103 2232 3308 2289; x_wconf 80' lang='lat' dir='ltr'><strong>Paulus</strong></span> <span class='ocrx_word' id='word_1_547' title='bbox 3339 2239 3540 2305; x_wconf 70' lang='lat' dir='ltr'><strong>praedi-</strong></span> 
     </span>
    </p>
   </div>
   <div class='ocr_carea' id='block_1_80' title="bbox 1969 2315 3541 2384">
    <p class='ocr_par' dir='ltr' id='par_1_80' title="bbox 1969 2315 3541 2384">
     <span class='ocr_line' id='line_1_80' title="bbox 1969 2315 3541 2384; baseline 0.016 -25"><span class='ocrx_word' id='word_1_548' title='bbox 1969 2317 2057 2361; x_wconf 88' lang='lat' dir='ltr'><strong>tus</strong></span> <span class='ocrx_word' id='word_1_549' title='bbox 2104 2319 2248 2374; x_wconf 89' lang='lat' dir='ltr'><strong>erat,</strong></span> <span class='ocrx_word' id='word_1_550' title='bbox 2304 2315 2564 2380; x_wconf 69' lang='lat' dir='ltr'><strong>praeclara</strong></span> <span class='ocrx_word' id='word_1_551' title='bbox 2606 2329 2737 2374; x_wconf 91' lang='lat' dir='ltr'><strong>sunt</strong></span> <span class='ocrx_word' id='word_1_552' title='bbox 2770 2320 3039 2377; x_wconf 78' lang='lat' dir='ltr'><strong>facinora.</strong></span> <span class='ocrx_word' id='word_1_553' title='bbox 3096 2325 3262 2381; x_wconf 87' lang='lat' dir='ltr'><strong>llisce</strong></span> <span class='ocrx_word' id='word_1_554' title='bbox 3309 2331 3541 2384; x_wconf 77' lang='lat' dir='ltr'><strong>attraxit</strong></span> 
     </span>
    </p>
   </div>
   <div class='ocr_carea' id='block_1_81' title="bbox 1967 2399 3540 2484">
    <p class='ocr_par' dir='ltr' id='par_1_81' title="bbox 1967 2399 3540 2484">
     <span class='ocr_line' id='line_1_81' title="bbox 1967 2399 3540 2484; baseline 0.017 -34"><span class='ocrx_word' id='word_1_555' title='bbox 1967 2399 2352 2460; x_wconf 80' lang='lat' dir='ltr'><strong>Athenienses.</strong></span> <span class='ocrx_word' id='word_1_556' title='bbox 2387 2407 2594 2462; x_wconf 84' lang='lat' dir='ltr'><strong>Horum</strong></span> <span class='ocrx_word' id='word_1_557' title='bbox 2643 2414 2818 2481; x_wconf 86' lang='lat' dir='ltr'><strong>gratia</strong></span> <span class='ocrx_word' id='word_1_558' title='bbox 2853 2429 2952 2484; x_wconf 92' lang='lat' dir='ltr'><strong>pro</strong></span> <span class='ocrx_word' id='word_1_559' title='bbox 3009 2417 3216 2473; x_wconf 87' lang='lat' dir='ltr'><strong>meritis</strong></span> <span class='ocrx_word' id='word_1_560' title='bbox 3256 2434 3380 2474; x_wconf 90' lang='lat' dir='ltr'><strong>eum</strong></span> <span class='ocrx_word' id='word_1_561' title='bbox 3445 2437 3540 2476; x_wconf 87' lang='lat' dir='ltr'><strong>su-</strong></span> 
     </span>
    </p>
   </div>
   <div class='ocr_carea' id='block_1_82' title="bbox 1967 2492 3538 2577">
    <p class='ocr_par' dir='ltr' id='par_1_82' title="bbox 1967 2492 3538 2577">
     <span class='ocr_line' id='line_1_82' title="bbox 1967 2492 3538 2577; baseline 0.015 -32"><span class='ocrx_word' id='word_1_562' title='bbox 1967 2492 2178 2561; x_wconf 84' lang='lat' dir='ltr'><strong>spicere</strong></span> <span class='ocrx_word' id='word_1_563' title='bbox 2197 2505 2250 2549; x_wconf 92' lang='lat' dir='ltr'><strong>et</strong></span> <span class='ocrx_word' id='word_1_564' title='bbox 2273 2497 2532 2554; x_wconf 86' lang='lat' dir='ltr'><strong>admirari</strong></span> <span class='ocrx_word' id='word_1_565' title='bbox 2563 2503 2704 2569; x_wconf 91' lang='lat' dir='ltr'><strong>volo,</strong></span> <span class='ocrx_word' id='word_1_566' title='bbox 2735 2505 2830 2560; x_wconf 86' lang='lat' dir='ltr'><strong>sed</strong></span> <span class='ocrx_word' id='word_1_567' title='bbox 2863 2522 2969 2560; x_wconf 90' lang='lat' dir='ltr'><strong>non</strong></span> <span class='ocrx_word' id='word_1_568' title='bbox 2993 2523 3244 2577; x_wconf 88' lang='lat' dir='ltr'><strong>possunt.</strong></span> <span class='ocrx_word' id='word_1_569' title='bbox 3270 2511 3396 2567; x_wconf 71' lang='lat' dir='ltr'><strong>Hinc</strong></span> <span class='ocrx_word' id='word_1_570' title='bbox 3416 2513 3538 2570; x_wconf 80' lang='lat' dir='ltr'><strong>insi-</strong></span> 
     </span>
    </p>
   </div>
   <div class='ocr_carea' id='block_1_83' title="bbox 1967 2583 3537 2672">
    <p class='ocr_par' dir='ltr' id='par_1_83' title="bbox 1967 2583 3537 2672">
     <span class='ocr_line' id='line_1_83' title="bbox 1967 2583 3537 2672; baseline 0.017 -37"><span class='ocrx_word' id='word_1_571' title='bbox 1967 2583 2084 2638; x_wconf 89' lang='lat' dir='ltr'><strong>dias</strong></span> <span class='ocrx_word' id='word_1_572' title='bbox 2111 2594 2165 2639; x_wconf 91' lang='lat' dir='ltr'><strong>et</strong></span> <span class='ocrx_word' id='word_1_573' title='bbox 2201 2587 2442 2654; x_wconf 86' lang='lat' dir='ltr'><strong>pericula</strong></span> <span class='ocrx_word' id='word_1_574' title='bbox 2483 2590 2655 2646; x_wconf 86' lang='lat' dir='ltr'><strong>Paulo</strong></span> <span class='ocrx_word' id='word_1_575' title='bbox 2689 2595 3048 2653; x_wconf 89' lang='lat' dir='ltr'><strong>vehementer</strong></span> <span class='ocrx_word' id='word_1_576' title='bbox 3073 2613 3376 2672; x_wconf 77' lang='lat' dir='ltr'><strong>auxerunt;</strong></span> <span class='ocrx_word' id='word_1_577' title='bbox 3413 2623 3537 2662; x_wconf 87' lang='lat' dir='ltr'><strong>cunt</strong></span> 
     </span>
    </p>
   </div>
   <div class='ocr_carea' id='block_1_84' title="bbox 1963 2674 3538 2755">
    <p class='ocr_par' dir='ltr' id='par_1_84' title="bbox 1963 2674 3538 2755">
     <span class='ocr_line' id='line_1_84' title="bbox 1963 2674 3538 2755; baseline 0.02 -31"><span class='ocrx_word' id='word_1_578' title='bbox 1963 2675 2108 2727; x_wconf 90' lang='lat' dir='ltr'><strong>enim</strong></span> <span class='ocrx_word' id='word_1_579' title='bbox 2133 2674 2336 2735; x_wconf 83' lang='lat' dir='ltr'><strong>Paulus</strong></span> <span class='ocrx_word' id='word_1_580' title='bbox 2372 2680 2496 2736; x_wconf 90' lang='lat' dir='ltr'><strong>illos</strong></span> <span class='ocrx_word' id='word_1_581' title='bbox 2530 2697 2558 2736; x_wconf 89' lang='lat' dir='ltr'><strong>a</strong></span> <span class='ocrx_word' id='word_1_582' title='bbox 2620 2689 2868 2754; x_wconf 90' lang='lat' dir='ltr'><strong>paternis</strong></span> <span class='ocrx_word' id='word_1_583' title='bbox 2927 2693 3316 2754; x_wconf 89' lang='lat' dir='ltr'><strong>traditionibus</strong></span> <span class='ocrx_word' id='word_1_584' title='bbox 3366 2701 3538 2755; x_wconf 89' lang='lat' dir='ltr'><strong>abdu-</strong></span> 
     </span>
    </p>
   </div>
   <div class='ocr_carea' id='block_1_85' title="bbox 1962 2775 3534 2861">
    <p class='ocr_par' dir='ltr' id='par_1_85' title="bbox 1962 2775 3534 2861">
     <span class='ocr_line' id='line_1_85' title="bbox 1962 2775 3534 2861; baseline 0.018 -43"><span class='ocrx_word' id='word_1_585' title='bbox 1962 2779 2086 2820; x_wconf 87' lang='lat' dir='ltr'><strong>cere</strong></span> <span class='ocrx_word' id='word_1_586' title='bbox 2135 2779 2450 2840; x_wconf 77' lang='lat' dir='ltr'><strong>conaretur,</strong></span> <span class='ocrx_word' id='word_1_587' title='bbox 2521 2775 2625 2844; x_wconf 88' lang='lat' dir='ltr'><strong>ipsi</strong></span> <span class='ocrx_word' id='word_1_588' title='bbox 2691 2794 2820 2834; x_wconf 90' lang='lat' dir='ltr'><strong>vero</strong></span> <span class='ocrx_word' id='word_1_589' title='bbox 2875 2794 3087 2851; x_wconf 88' lang='lat' dir='ltr'><strong>patrum</strong></span> <span class='ocrx_word' id='word_1_590' title='bbox 3148 2787 3202 2842; x_wconf 92' lang='lat' dir='ltr'><strong>in</strong></span> <span class='ocrx_word' id='word_1_591' title='bbox 3256 2794 3534 2861; x_wconf 83' lang='lat' dir='ltr'><strong>propriam</strong></span> 
     </span>
    </p>
   </div>
   <div class='ocr_carea' id='block_1_86' title="bbox 1964 2859 3538 2949">
    <p class='ocr_par' dir='ltr' id='par_1_86' title="bbox 1964 2859 3538 2949">
     <span class='ocr_line' id='line_1_86' title="bbox 1964 2859 3538 2949; baseline 0.019 -39"><span class='ocrx_word' id='word_1_592' title='bbox 1964 2859 2260 2928; x_wconf 89' lang='lat' dir='ltr'><strong>perniciem</strong></span> <span class='ocrx_word' id='word_1_593' title='bbox 2294 2864 2461 2921; x_wconf 89' lang='lat' dir='ltr'><strong>nimis</strong></span> <span class='ocrx_word' id='word_1_594' title='bbox 2495 2879 2746 2927; x_wconf 86' lang='lat' dir='ltr'><strong>amantes</strong></span> <span class='ocrx_word' id='word_1_595' title='bbox 2771 2888 2836 2929; x_wconf 89' lang='lat' dir='ltr'><strong>ac</strong></span> <span class='ocrx_word' id='word_1_596' title='bbox 2870 2876 3099 2932; x_wconf 88' lang='lat' dir='ltr'><strong>studiosi</strong></span> <span class='ocrx_word' id='word_1_597' title='bbox 3130 2892 3315 2937; x_wconf 88' lang='lat' dir='ltr'><strong>essent</strong></span> <span class='ocrx_word' id='word_1_598' title='bbox 3339 2923 3356 2949; x_wconf 93' lang='lat'><strong>,</strong></span> <span class='ocrx_word' id='word_1_599' title='bbox 3414 2901 3538 2939; x_wconf 85' lang='lat' dir='ltr'><strong>0m-</strong></span> 
     </span>
    </p>
   </div>
   <div class='ocr_carea' id='block_1_87' title="bbox 1960 2954 3533 3039">
    <p class='ocr_par' dir='ltr' id='par_1_87' title="bbox 1960 2954 3533 3039">
     <span class='ocr_line' id='line_1_87' title="bbox 1960 2954 3533 3039; baseline 0.018 -32"><span class='ocrx_word' id='word_1_600' title='bbox 1960 2954 2050 3008; x_wconf 82' lang='lat' dir='ltr'><strong>nia</strong></span> <span class='ocrx_word' id='word_1_601' title='bbox 2088 2957 2270 3025; x_wconf 90' lang='lat' dir='ltr'><strong>potius</strong></span> <span class='ocrx_word' id='word_1_602' title='bbox 2319 2960 2430 3030; x_wconf 85' lang='lat' dir='ltr'><strong>pati</strong></span> <span class='ocrx_word' id='word_1_603' title='bbox 2473 2962 2786 3031; x_wconf 85' lang='lat' dir='ltr'><strong>voluerunt,</strong></span> <span class='ocrx_word' id='word_1_604' title='bbox 2832 2985 2998 3039; x_wconf 91' lang='lat' dir='ltr'><strong>quam</strong></span> <span class='ocrx_word' id='word_1_605' title='bbox 3027 2981 3086 3028; x_wconf 92' lang='lat' dir='ltr'><strong>ut</strong></span> <span class='ocrx_word' id='word_1_606' title='bbox 3135 2974 3362 3032; x_wconf 81' lang='lat' dir='ltr'><strong>Paulum</strong></span> <span class='ocrx_word' id='word_1_607' title='bbox 3405 2981 3533 3036; x_wconf 75' lang='lat' dir='ltr'><strong>talia</strong></span> 
     </span>
    </p>
   </div>
   <div class='ocr_carea' id='block_1_88' title="bbox 1961 3049 3535 3136">
    <p class='ocr_par' dir='ltr' id='par_1_88' title="bbox 1961 3049 3535 3136">
     <span class='ocr_line' id='line_1_88' title="bbox 1961 3049 3535 3136; baseline 0.02 -37"><span class='ocrx_word' id='word_1_608' title='bbox 1961 3049 2313 3106; x_wconf 86' lang='lat' dir='ltr'><strong>innovantem</strong></span> <span class='ocrx_word' id='word_1_609' title='bbox 2349 3054 2474 3108; x_wconf 88' lang='lat' dir='ltr'><strong>mali</strong></span> <span class='ocrx_word' id='word_1_610' title='bbox 2504 3071 2990 3133; x_wconf 72' lang='lat' dir='ltr'><strong>zerumnarumque</strong></span> <span class='ocrx_word' id='word_1_611' title='bbox 3041 3078 3319 3136; x_wconf 83' lang='lat' dir='ltr'><strong>expertem</strong></span> <span class='ocrx_word' id='word_1_612' title='bbox 3353 3073 3535 3130; x_wconf 86' lang='lat' dir='ltr'><strong>vivere</strong></span> 
     </span>
    </p>
   </div>
   <div class='ocr_carea' id='block_1_89' title="bbox 1963 3145 3533 3236">
    <p class='ocr_par' dir='ltr' id='par_1_89' title="bbox 1963 3145 3533 3236">
     <span class='ocr_line' id='line_1_89' title="bbox 1963 3145 3533 3236; baseline 0.02 -45"><span class='ocrx_word' id='word_1_613' title='bbox 1963 3148 2311 3209; x_wconf 79' lang='lat' dir='ltr'><strong>paterentur;</strong></span> <span class='ocrx_word' id='word_1_614' title='bbox 2349 3145 2441 3215; x_wconf 82' lang='lat' dir='ltr'><strong>qui</strong></span> <span class='ocrx_word' id='word_1_615' title='bbox 2468 3149 2614 3202; x_wconf 89' lang='lat' dir='ltr'><strong>enim</strong></span> <span class='ocrx_word' id='word_1_616' title='bbox 2643 3165 2820 3221; x_wconf 89' lang='lat' dir='ltr'><strong>neque</strong></span> <span class='ocrx_word' id='word_1_617' title='bbox 2842 3155 2947 3209; x_wconf 91' lang='lat' dir='ltr'><strong>civi</strong></span> <span class='ocrx_word' id='word_1_618' title='bbox 2980 3171 3081 3213; x_wconf 84' lang='lat' dir='ltr'><strong>suo</strong></span> <span class='ocrx_word' id='word_1_619' title='bbox 3108 3158 3317 3217; x_wconf 83' lang='lat' dir='ltr'><strong>Socrati</strong></span> <span class='ocrx_word' id='word_1_620' title='bbox 3343 3179 3533 3236; x_wconf 89' lang='lat' dir='ltr'><strong>peper-</strong></span> 
     </span>
    </p>
   </div>
   <div class='ocr_carea' id='block_1_90' title="bbox 1960 3234 3534 3326">
    <p class='ocr_par' dir='ltr' id='par_1_90' title="bbox 1960 3234 3534 3326">
     <span class='ocr_line' id='line_1_90' title="bbox 1960 3234 3534 3326; baseline 0.02 -44"><span class='ocrx_word' id='word_1_621' title='bbox 1960 3240 2171 3297; x_wconf 88' lang='lat' dir='ltr'><strong>cerant,</strong></span> <span class='ocrx_word' id='word_1_622' title='bbox 2205 3234 2302 3288; x_wconf 90' lang='lat' dir='ltr'><strong>sed</strong></span> <span class='ocrx_word' id='word_1_623' title='bbox 2350 3238 2421 3304; x_wconf 57' lang='lat' dir='ltr'><strong>ita</strong></span> <span class='ocrx_word' id='word_1_624' title='bbox 2456 3238 2712 3308; x_wconf 85' lang='lat' dir='ltr'><strong>expedite</strong></span> <span class='ocrx_word' id='word_1_625' title='bbox 2743 3245 3036 3311; x_wconf 67' lang='lat' dir='ltr'><strong>grandaeva</strong></span> <span class='ocrx_word' id='word_1_626' title='bbox 3075 3249 3188 3318; x_wconf 90' lang='lat' dir='ltr'><strong>jam</strong></span> <span class='ocrx_word' id='word_1_627' title='bbox 3247 3267 3299 3309; x_wconf 89' lang='lat' dir='ltr'><strong>et</strong></span> <span class='ocrx_word' id='word_1_628' title='bbox 3348 3234 3534 3326; x_wconf 83' lang='lat' dir='ltr'><strong>philo-</strong></span> 
     </span>
    </p>
   </div>
   <div class='ocr_carea' id='block_1_91' title="bbox 1956 3323 3529 3416">
    <p class='ocr_par' dir='ltr' id='par_1_91' title="bbox 1956 3323 3529 3416">
     <span class='ocr_line' id='line_1_91' title="bbox 1956 3323 3529 3416; baseline 0.017 -41"><span class='ocrx_word' id='word_1_629' title='bbox 1956 3323 2133 3390; x_wconf 87' lang='lat' dir='ltr'><strong>sopho</strong></span> <span class='ocrx_word' id='word_1_630' title='bbox 2163 3326 2468 3392; x_wconf 86' lang='lat' dir='ltr'><strong>aconitum,</strong></span> <span class='ocrx_word' id='word_1_631' title='bbox 2502 3332 2662 3397; x_wconf 87' lang='lat' dir='ltr'><strong>quasi</strong></span> <span class='ocrx_word' id='word_1_632' title='bbox 2702 3344 2892 3389; x_wconf 87' lang='lat' dir='ltr'><strong>nectar</strong></span> <span class='ocrx_word' id='word_1_633' title='bbox 2925 3337 3087 3403; x_wconf 78' lang='lat' dir='ltr'><strong>foret,</strong></span> <span class='ocrx_word' id='word_1_634' title='bbox 3131 3356 3485 3410; x_wconf 80' lang='lat' dir='ltr'><strong>porrexerunt</strong></span> <span class='ocrx_word' id='word_1_635' title='bbox 3513 3365 3529 3416; x_wconf 88' lang='lat'><strong>;</strong></span> 
     </span>
    </p>
   </div>
   <div class='ocr_carea' id='block_1_92' title="bbox 1957 3411 3525 3500">
    <p class='ocr_par' dir='ltr' id='par_1_92' title="bbox 1957 3411 3525 3500">
     <span class='ocr_line' id='line_1_92' title="bbox 1957 3411 3525 3500; baseline 0.02 -40"><span class='ocrx_word' id='word_1_636' title='bbox 1957 3411 2174 3480; x_wconf 82' lang='lat' dir='ltr'><strong>ipsique</strong></span> <span class='ocrx_word' id='word_1_637' title='bbox 2213 3413 2664 3474; x_wconf 70' lang='lat' dir='ltr'><strong>bibituriessent</strong></span> <span class='ocrx_word' id='word_1_638' title='bbox 2698 3423 2850 3490; x_wconf 90' lang='lat' dir='ltr'><strong>illud,</strong></span> <span class='ocrx_word' id='word_1_639' title='bbox 2882 3429 3028 3495; x_wconf 88' lang='lat' dir='ltr'><strong>quod</strong></span> <span class='ocrx_word' id='word_1_640' title='bbox 3078 3441 3250 3500; x_wconf 60' lang='lat' dir='ltr'><strong>poetae</strong></span> <span class='ocrx_word' id='word_1_641' title='bbox 3305 3435 3374 3490; x_wconf 92' lang='lat' dir='ltr'><strong>iis</strong></span> <span class='ocrx_word' id='word_1_642' title='bbox 3423 3411 3525 3491; x_wconf 49' lang='lat' dir='ltr'><strong>uti;</strong></span> 
     </span>
    </p>
   </div>
   <div class='ocr_carea' id='block_1_93' title="bbox 1959 3509 3528 3583">
    <p class='ocr_par' dir='ltr' id='par_1_93' title="bbox 1959 3509 3528 3583">
     <span class='ocr_line' id='line_1_93' title="bbox 1959 3509 3528 3583; baseline 0.018 -31"><span class='ocrx_word' id='word_1_643' title='bbox 1959 3513 2224 3558; x_wconf 75' lang='lat' dir='ltr'><strong>seuetunt</strong></span> <span class='ocrx_word' id='word_1_644' title='bbox 2247 3509 2528 3573; x_wconf 87' lang='lat' dir='ltr'><strong>poculum,</strong></span> <span class='ocrx_word' id='word_1_645' title='bbox 2549 3525 2650 3564; x_wconf 92' lang='lat' dir='ltr'><strong>cur</strong></span> <span class='ocrx_word' id='word_1_646' title='bbox 2677 3528 2738 3567; x_wconf 79' lang='lat' dir='ltr'><strong>ex</strong></span> <span class='ocrx_word' id='word_1_647' title='bbox 2765 3514 3052 3572; x_wconf 63' lang='lat' dir='ltr'><strong>Palaestina</strong></span> <span class='ocrx_word' id='word_1_648' title='bbox 3083 3523 3164 3577; x_wconf 88' lang='lat' dir='ltr'><strong>vel</strong></span> <span class='ocrx_word' id='word_1_649' title='bbox 3194 3524 3380 3579; x_wconf 77' lang='lat' dir='ltr'><strong>Cilicia</strong></span> <span class='ocrx_word' id='word_1_650' title='bbox 3404 3543 3528 3583; x_wconf 89' lang='lat' dir='ltr'><strong>sero</strong></span> 
     </span>
    </p>
   </div>
   <div class='ocr_carea' id='block_1_94' title="bbox 1953 3595 3526 3677">
    <p class='ocr_par' dir='ltr' id='par_1_94' title="bbox 1953 3595 3526 3677">
     <span class='ocr_line' id='line_1_94' title="bbox 1953 3595 3526 3677; baseline 0.02 -31"><span class='ocrx_word' id='word_1_651' title='bbox 1953 3595 2172 3648; x_wconf 86' lang='lat' dir='ltr'><strong>tandem</strong></span> <span class='ocrx_word' id='word_1_652' title='bbox 2230 3599 2542 3656; x_wconf 86' lang='lat' dir='ltr'><strong>advenienti</strong></span> <span class='ocrx_word' id='word_1_653' title='bbox 2603 3604 2806 3676; x_wconf 91' lang='lat' dir='ltr'><strong>hospiti</strong></span> <span class='ocrx_word' id='word_1_654' title='bbox 2866 3609 3280 3671; x_wconf 77' lang='lat' dir='ltr'><strong>inexorabiliter</strong></span> <span class='ocrx_word' id='word_1_655' title='bbox 3314 3619 3526 3677; x_wconf 49' lang='lat' dir='ltr'><strong>irascec</strong></span> 
     </span>
    </p>
   </div>
   <div class='ocr_carea' id='block_1_95' title="bbox 1953 3691 3524 3776">
    <p class='ocr_par' dir='ltr' id='par_1_95' title="bbox 1953 3691 3524 3776">
     <span class='ocr_line' id='line_1_95' title="bbox 1953 3691 3524 3776; baseline 0.02 -37"><span class='ocrx_word' id='word_1_656' title='bbox 1953 3694 2162 3754; x_wconf 82' lang='lat' dir='ltr'><strong>rentur,</strong></span> <span class='ocrx_word' id='word_1_657' title='bbox 2192 3704 2371 3744; x_wconf 77' lang='lat' dir='ltr'><strong>causa:</strong></span> <span class='ocrx_word' id='word_1_658' title='bbox 2399 3691 2536 3748; x_wconf 89' lang='lat' dir='ltr'><strong>nihil</strong></span> <span class='ocrx_word' id='word_1_659' title='bbox 2570 3695 2867 3754; x_wconf 86' lang='lat' dir='ltr'><strong>habebant.</strong></span> <span class='ocrx_word' id='word_1_660' title='bbox 2911 3703 3236 3776; x_wconf 84' lang='lat' dir='ltr'><strong>Quanquam</strong></span> <span class='ocrx_word' id='word_1_661' title='bbox 3267 3709 3524 3768; x_wconf 77' lang='lat' dir='ltr'><strong>Socrates</strong></span> 
     </span>
    </p>
   </div>
   <div class='ocr_carea' id='block_1_96' title="bbox 1950 3785 3522 3872">
    <p class='ocr_par' dir='ltr' id='par_1_96' title="bbox 1950 3785 3522 3872">
     <span class='ocr_line' id='line_1_96' title="bbox 1950 3785 3522 3872; baseline 0.018 -41"><span class='ocrx_word' id='word_1_662' title='bbox 1950 3791 2266 3846; x_wconf 88' lang='lat' dir='ltr'><strong>accusatus,</strong></span> <span class='ocrx_word' id='word_1_663' title='bbox 2297 3785 2455 3851; x_wconf 81' lang='lat' dir='ltr'><strong>quasi</strong></span> <span class='ocrx_word' id='word_1_664' title='bbox 2489 3789 2654 3858; x_wconf 82' lang='lat' dir='ltr'><strong>vulgo</strong></span> <span class='ocrx_word' id='word_1_665' title='bbox 2684 3803 2936 3862; x_wconf 78' lang='lat' dir='ltr'><strong>receptos</strong></span> <span class='ocrx_word' id='word_1_666' title='bbox 2967 3796 3099 3852; x_wconf 90' lang='lat' dir='ltr'><strong>deos</strong></span> <span class='ocrx_word' id='word_1_667' title='bbox 3129 3801 3284 3855; x_wconf 88' lang='lat' dir='ltr'><strong>nihili</strong></span> <span class='ocrx_word' id='word_1_668' title='bbox 3317 3808 3522 3872; x_wconf 85' lang='lat' dir='ltr'><strong>pende-</strong></span> 
     </span>
    </p>
   </div>
   <div class='ocr_carea' id='block_1_97' title="bbox 1951 3873 3518 3962">
    <p class='ocr_par' dir='ltr' id='par_1_97' title="bbox 1951 3873 3518 3962">
     <span class='ocr_line' id='line_1_97' title="bbox 1951 3873 3518 3962; baseline 0.019 -40"><span class='ocrx_word' id='word_1_669' title='bbox 1951 3878 2050 3936; x_wconf 87' lang='lat' dir='ltr'><strong>ret,</strong></span> <span class='ocrx_word' id='word_1_670' title='bbox 2091 3873 2341 3944; x_wconf 82' lang='lat' dir='ltr'><strong>aliosque</strong></span> <span class='ocrx_word' id='word_1_671' title='bbox 2396 3877 2452 3930; x_wconf 90' lang='lat' dir='ltr'><strong>in</strong></span> <span class='ocrx_word' id='word_1_672' title='bbox 2508 3878 2726 3935; x_wconf 87' lang='lat' dir='ltr'><strong>illorum</strong></span> <span class='ocrx_word' id='word_1_673' title='bbox 2782 3882 2964 3941; x_wconf 86' lang='lat' dir='ltr'><strong>locum</strong></span> <span class='ocrx_word' id='word_1_674' title='bbox 3013 3889 3518 3962; x_wconf 85' lang='lat' dir='ltr'><strong>subintroduceret,</strong></span> 
     </span>
    </p>
   </div>
   <div class='ocr_carea' id='block_1_98' title="bbox 1950 3969 3514 4054">
    <p class='ocr_par' dir='ltr' id='par_1_98' title="bbox 1950 3969 3514 4054">
     <span class='ocr_line' id='line_1_98' title="bbox 1950 3969 3514 4054; baseline 0.019 -41"><span class='ocrx_word' id='word_1_675' title='bbox 1950 3977 2130 4030; x_wconf 82' lang='lat' dir='ltr'><strong>neque</strong></span> <span class='ocrx_word' id='word_1_676' title='bbox 2181 3969 2599 4026; x_wconf 87' lang='lat' dir='ltr'><strong>accusatoribus</strong></span> <span class='ocrx_word' id='word_1_677' title='bbox 2660 3977 2878 4043; x_wconf 85' lang='lat' dir='ltr'><strong>annuit,</strong></span> <span class='ocrx_word' id='word_1_678' title='bbox 2928 3994 3106 4048; x_wconf 83' lang='lat' dir='ltr'><strong>neque</strong></span> <span class='ocrx_word' id='word_1_679' title='bbox 3187 3981 3342 4054; x_wconf 85' lang='lat' dir='ltr'><strong>quasi</strong></span> <span class='ocrx_word' id='word_1_680' title='bbox 3387 4003 3514 4043; x_wconf 87' lang='lat' dir='ltr'><strong>vera</strong></span> 
     </span>
    </p>
   </div>
   <div class='ocr_carea' id='block_1_99' title="bbox 1948 4055 3514 4148">
    <p class='ocr_par' dir='ltr' id='par_1_99' title="bbox 1948 4055 3514 4148">
     <span class='ocr_line' id='line_1_99' title="bbox 1948 4055 3514 4148; baseline 0.017 -42"><span class='ocrx_word' id='word_1_681' title='bbox 1948 4055 2220 4120; x_wconf 86' lang='lat' dir='ltr'><strong>dicereut,</strong></span> <span class='ocrx_word' id='word_1_682' title='bbox 2261 4059 2344 4113; x_wconf 88' lang='lat' dir='ltr'><strong>vel</strong></span> <span class='ocrx_word' id='word_1_683' title='bbox 2383 4063 2532 4117; x_wconf 88' lang='lat' dir='ltr'><strong>tenui</strong></span> <span class='ocrx_word' id='word_1_684' title='bbox 2576 4065 2781 4123; x_wconf 80' lang='lat' dir='ltr'><strong>indicio</strong></span> <span class='ocrx_word' id='word_1_685' title='bbox 2831 4073 3088 4140; x_wconf 84' lang='lat' dir='ltr'><strong>prodidit.</strong></span> <span class='ocrx_word' id='word_1_686' title='bbox 3130 4074 3330 4132; x_wconf 82' lang='lat' dir='ltr'><strong>Paulus</strong></span> <span class='ocrx_word' id='word_1_687' title='bbox 3365 4097 3514 4148; x_wconf 87' lang='lat' dir='ltr'><strong>veru,</strong></span> 
     </span>
    </p>
   </div>
   <div class='ocr_carea' id='block_1_100' title="bbox 1947 4146 3520 4238">
    <p class='ocr_par' dir='ltr' id='par_1_100' title="bbox 1947 4146 3520 4238">
     <span class='ocr_line' id='line_1_100' title="bbox 1947 4146 3520 4238; baseline 0.02 -39"><span class='ocrx_word' id='word_1_688' title='bbox 1947 4146 1992 4199; x_wconf 87' lang='lat' dir='ltr'><strong>si</strong></span> <span class='ocrx_word' id='word_1_689' title='bbox 2035 4147 2163 4213; x_wconf 88' lang='lat' dir='ltr'><strong>quid</strong></span> <span class='ocrx_word' id='word_1_690' title='bbox 2195 4148 2287 4203; x_wconf 90' lang='lat' dir='ltr'><strong>hic</strong></span> <span class='ocrx_word' id='word_1_691' title='bbox 2310 4151 2378 4204; x_wconf 89' lang='lat' dir='ltr'><strong>ad</strong></span> <span class='ocrx_word' id='word_1_692' title='bbox 2408 4159 2821 4214; x_wconf 89' lang='lat' dir='ltr'><strong>accusationem</strong></span> <span class='ocrx_word' id='word_1_693' title='bbox 2859 4164 3074 4221; x_wconf 86' lang='lat' dir='ltr'><strong>trahere</strong></span> <span class='ocrx_word' id='word_1_694' title='bbox 3098 4180 3339 4238; x_wconf 83' lang='lat' dir='ltr'><strong>npurtet,</strong></span> <span class='ocrx_word' id='word_1_695' title='bbox 3407 4178 3520 4230; x_wconf 88' lang='lat' dir='ltr'><strong>sui-</strong></span> 
     </span>
    </p>
   </div>
   <div class='ocr_carea' id='block_1_101' title="bbox 1947 4238 3520 4336">
    <p class='ocr_par' dir='ltr' id='par_1_101' title="bbox 1947 4238 3520 4336">
     <span class='ocr_line' id='line_1_101' title="bbox 1947 4238 3520 4336; baseline 0.02 -46"><span class='ocrx_word' id='word_1_696' title='bbox 1947 4238 2130 4307; x_wconf 63' lang='lat' dir='ltr'><strong>ipsius</strong></span> <span class='ocrx_word' id='word_1_697' title='bbox 2164 4241 2554 4300; x_wconf 86' lang='lat' dir='ltr'><strong>vocalissimus</strong></span> <span class='ocrx_word' id='word_1_698' title='bbox 2578 4260 2866 4306; x_wconf 82' lang='lat' dir='ltr'><strong>accusator</strong></span> <span class='ocrx_word' id='word_1_699' title='bbox 2894 4254 3178 4325; x_wconf 59' lang='lat' dir='ltr'><strong>ingressus</strong></span> <span class='ocrx_word' id='word_1_700' title='bbox 3208 4273 3308 4327; x_wconf 87' lang='lat' dir='ltr'><strong>est,</strong></span> <span class='ocrx_word' id='word_1_701' title='bbox 3345 4282 3520 4336; x_wconf 85' lang='lat' dir='ltr'><strong>neque</strong></span> 
     </span>
    </p>
   </div>
   <div class='ocr_carea' id='block_1_102' title="bbox 1943 4331 3519 4426">
    <p class='ocr_par' dir='ltr' id='par_1_102' title="bbox 1943 4331 3519 4426">
     <span class='ocr_line' id='line_1_102' title="bbox 1943 4331 3519 4426; baseline 0.02 -44"><span class='ocrx_word' id='word_1_702' title='bbox 1943 4331 2241 4398; x_wconf 77' lang='lat' dir='ltr'><strong>extraneis,</strong></span> <span class='ocrx_word' id='word_1_703' title='bbox 2282 4335 2374 4403; x_wconf 94' lang='lat' dir='ltr'><strong>qui</strong></span> <span class='ocrx_word' id='word_1_704' title='bbox 2405 4352 2529 4390; x_wconf 91' lang='lat' dir='ltr'><strong>eum</strong></span> <span class='ocrx_word' id='word_1_705' title='bbox 2560 4341 2701 4408; x_wconf 87' lang='lat' dir='ltr'><strong>apud</strong></span> <span class='ocrx_word' id='word_1_706' title='bbox 2736 4343 2936 4413; x_wconf 90' lang='lat' dir='ltr'><strong>itnpios</strong></span> <span class='ocrx_word' id='word_1_707' title='bbox 2989 4349 3289 4419; x_wconf 84' lang='lat' dir='ltr'><strong>impietatis</strong></span> <span class='ocrx_word' id='word_1_708' title='bbox 3321 4371 3519 4426; x_wconf 89' lang='lat' dir='ltr'><strong>argue-</strong></span> 
     </span>
    </p>
   </div>
   <div class='ocr_carea' id='block_1_103' title="bbox 1947 4420 3517 4502">
    <p class='ocr_par' dir='ltr' id='par_1_103' title="bbox 1947 4420 3517 4502">
     <span class='ocr_line' id='line_1_103' title="bbox 1947 4420 3517 4502; baseline 0.019 -30"><span class='ocrx_word' id='word_1_709' title='bbox 1947 4420 2096 4486; x_wconf 83' lang='lat' dir='ltr'><strong>haut,</strong></span> <span class='ocrx_word' id='word_1_710' title='bbox 2129 4437 2269 4492; x_wconf 89' lang='lat' dir='ltr'><strong>opus</strong></span> <span class='ocrx_word' id='word_1_711' title='bbox 2301 4425 2556 4482; x_wconf 84' lang='lat' dir='ltr'><strong>habebat.</strong></span> <span class='ocrx_word' id='word_1_712' title='bbox 2589 4427 2872 4497; x_wconf 87' lang='lat' dir='ltr'><strong>Socrates,</strong></span> <span class='ocrx_word' id='word_1_713' title='bbox 2905 4450 3015 4491; x_wconf 90' lang='lat' dir='ltr'><strong>non</strong></span> <span class='ocrx_word' id='word_1_714' title='bbox 3057 4441 3245 4497; x_wconf 87' lang='lat' dir='ltr'><strong>relicta</strong></span> <span class='ocrx_word' id='word_1_715' title='bbox 3287 4420 3517 4502; x_wconf 70' lang='lat' dir='ltr'><strong>deorum</strong></span> 
     </span>
    </p>
   </div>
   <div class='ocr_carea' id='block_1_104' title="bbox 1872 4511 3516 4598">
    <p class='ocr_par' dir='ltr' id='par_1_104' title="bbox 1872 4511 3516 4598">
     <span class='ocr_line' id='line_1_104' title="bbox 1872 4511 3516 4598; baseline 0.016 -37"><span class='ocrx_word' id='word_1_716' title='bbox 1872 4521 1916 4576; x_wconf 84' lang='grc' dir='ltr'><strong>ι)</strong></span> <span class='ocrx_word' id='word_1_717' title='bbox 1951 4511 2326 4578; x_wconf 86' lang='lat' dir='ltr'><strong>multitudine,</strong></span> <span class='ocrx_word' id='word_1_718' title='bbox 2359 4526 2648 4572; x_wconf 89' lang='lat' dir='ltr'><strong>accusatus</strong></span> <span class='ocrx_word' id='word_1_719' title='bbox 2672 4530 2777 4589; x_wconf 88' lang='lat' dir='ltr'><strong>est,</strong></span> <span class='ocrx_word' id='word_1_720' title='bbox 2835 4525 2990 4592; x_wconf 85' lang='lat' dir='ltr'><strong>quasi</strong></span> <span class='ocrx_word' id='word_1_721' title='bbox 3020 4541 3186 4584; x_wconf 90' lang='lat' dir='ltr'><strong>unum</strong></span> <span class='ocrx_word' id='word_1_722' title='bbox 3222 4535 3516 4598; x_wconf 77' lang='lat' dir='ltr'><strong>quemdam</strong></span> 
     </span>
    </p>
   </div>
   <div class='ocr_carea' id='block_1_105' title="bbox 1949 4601 3516 4691">
    <p class='ocr_par' dir='ltr' id='par_1_105' title="bbox 1949 4601 3516 4691">
     <span class='ocr_line' id='line_1_105' title="bbox 1949 4601 3516 4691; baseline 0.017 -37"><span class='ocrx_word' id='word_1_723' title='bbox 1949 4601 2114 4658; x_wconf 88' lang='lat' dir='ltr'><strong>Deum</strong></span> <span class='ocrx_word' id='word_1_724' title='bbox 2144 4617 2434 4662; x_wconf 88' lang='lat' dir='ltr'><strong>assereret.</strong></span> <span class='ocrx_word' id='word_1_725' title='bbox 2472 4611 2538 4663; x_wconf 78' lang='lat' dir='ltr'><strong>At</strong></span> <span class='ocrx_word' id='word_1_726' title='bbox 2567 4609 2772 4666; x_wconf 87' lang='lat' dir='ltr'><strong>Paulus</strong></span> <span class='ocrx_word' id='word_1_727' title='bbox 2804 4626 2989 4684; x_wconf 86' lang='lat' dir='ltr'><strong>aperte</strong></span> <span class='ocrx_word' id='word_1_728' title='bbox 3013 4621 3180 4673; x_wconf 90' lang='lat' dir='ltr'><strong>totius</strong></span> <span class='ocrx_word' id='word_1_729' title='bbox 3208 4622 3426 4691; x_wconf 88' lang='lat' dir='ltr'><strong>pietatis</strong></span> <span class='ocrx_word' id='word_1_730' title='bbox 3459 4639 3516 4682; x_wconf 90' lang='lat' dir='ltr'><strong>et</strong></span> 
     </span>
    </p>
   </div>
   <div class='ocr_carea' id='block_1_106' title="bbox 1955 4697 3292 4770">
    <p class='ocr_par' dir='ltr' id='par_1_106' title="bbox 1955 4697 3292 4770">
     <span class='ocr_line' id='line_1_106' title="bbox 1955 4697 3292 4770; baseline 0.014 -19"><span class='ocrx_word' id='word_1_731' title='bbox 1955 4697 2238 4768; x_wconf 83' lang='lat' dir='ltr'><strong>religionis</strong></span> <span class='ocrx_word' id='word_1_732' title='bbox 2275 4717 2547 4755; x_wconf 84' lang='lat' dir='ltr'><strong>summam</strong></span> <span class='ocrx_word' id='word_1_733' title='bbox 2579 4704 2644 4757; x_wconf 88' lang='lat' dir='ltr'><strong>ad</strong></span> <span class='ocrx_word' id='word_1_734' title='bbox 2679 4720 2848 4760; x_wconf 91' lang='lat' dir='ltr'><strong>unum</strong></span> <span class='ocrx_word' id='word_1_735' title='bbox 2885 4707 3050 4764; x_wconf 88' lang='lat' dir='ltr'><strong>Deum</strong></span> <span class='ocrx_word' id='word_1_736' title='bbox 3089 4715 3292 4770; x_wconf 88' lang='lat' dir='ltr'><strong>retultt.</strong></span> 
     </span>
    </p>
   </div>
   <div class='ocr_carea' id='block_1_107' title="bbox 2020 4793 3509 4869">
    <p class='ocr_par' dir='ltr' id='par_1_107' title="bbox 2020 4793 3509 4869">
     <span class='ocr_line' id='line_1_107' title="bbox 2020 4793 3509 4869; baseline 0.014 -22"><span class='ocrx_word' id='word_1_737' title='bbox 2020 4793 2124 4848; x_wconf 88' lang='lat' dir='ltr'><strong>Sed</strong></span> <span class='ocrx_word' id='word_1_738' title='bbox 2163 4793 2305 4850; x_wconf 77' lang='lat' dir='ltr'><strong>forte</strong></span> <span class='ocrx_word' id='word_1_739' title='bbox 2336 4794 2477 4852; x_wconf 91' lang='lat' dir='ltr'><strong>Deus</strong></span> <span class='ocrx_word' id='word_1_740' title='bbox 2513 4795 2668 4852; x_wconf 87' lang='lat' dir='ltr'><strong>Pauli</strong></span> <span class='ocrx_word' id='word_1_741' title='bbox 2721 4802 2986 4858; x_wconf 75' lang='lat' dir='ltr'><strong>talentiur</strong></span> <span class='ocrx_word' id='word_1_742' title='bbox 3043 4807 3183 4864; x_wconf 89' lang='lat' dir='ltr'><strong>Deus</strong></span> <span class='ocrx_word' id='word_1_743' title='bbox 3237 4815 3302 4864; x_wconf 84' lang='lat' dir='ltr'><strong>ad</strong></span> <span class='ocrx_word' id='word_1_744' title='bbox 3354 4815 3509 4869; x_wconf 76' lang='lat' dir='ltr'><strong>auxi-</strong></span> 
     </span>
    </p>
   </div>
   <div class='ocr_carea' id='block_1_108' title="bbox 1945 4883 3511 4975">
    <p class='ocr_par' dir='ltr' id='par_1_108' title="bbox 1945 4883 3511 4975">
     <span class='ocr_line' id='line_1_108' title="bbox 1945 4883 3511 4975; baseline 0.013 -37"><span class='ocrx_word' id='word_1_745' title='bbox 1945 4883 2191 4940; x_wconf 82' lang='lat' dir='ltr'><strong>liandum</strong></span> <span class='ocrx_word' id='word_1_746' title='bbox 2241 4885 2364 4953; x_wconf 89' lang='lat' dir='ltr'><strong>l‘uit,</strong></span> <span class='ocrx_word' id='word_1_747' title='bbox 2404 4904 2568 4958; x_wconf 88' lang='lat' dir='ltr'><strong>quam</strong></span> <span class='ocrx_word' id='word_1_748' title='bbox 2602 4891 2676 4944; x_wconf 90' lang='lat' dir='ltr'><strong>dii</strong></span> <span class='ocrx_word' id='word_1_749' title='bbox 2735 4893 2836 4957; x_wconf 90' lang='lat' dir='ltr'><strong>illi,</strong></span> <span class='ocrx_word' id='word_1_750' title='bbox 2872 4910 3012 4963; x_wconf 77' lang='lat' dir='ltr'><strong>quos</strong></span> <span class='ocrx_word' id='word_1_751' title='bbox 3048 4898 3302 4957; x_wconf 90' lang='lat' dir='ltr'><strong>Socrates</strong></span> <span class='ocrx_word' id='word_1_752' title='bbox 3338 4921 3511 4975; x_wconf 90' lang='lat' dir='ltr'><strong>nuper</strong></span> 
     </span>
    </p>
   </div>
   <div class='ocr_carea' id='block_1_109' title="bbox 1942 4976 3510 5067">
    <p class='ocr_par' dir='ltr' id='par_1_109' title="bbox 1942 4976 3510 5067">
     <span class='ocr_line' id='line_1_109' title="bbox 1942 4976 3510 5067; baseline 0.015 -38"><span class='ocrx_word' id='word_1_753' title='bbox 1942 4976 2322 5036; x_wconf 75' lang='lat' dir='ltr'><strong>fabricavtral.</strong></span> <span class='ocrx_word' id='word_1_754' title='bbox 2408 4982 2569 5037; x_wconf 88' lang='lat' dir='ltr'><strong>Certe</strong></span> <span class='ocrx_word' id='word_1_755' title='bbox 2617 4993 2672 5038; x_wconf 81' lang='lat' dir='ltr'><strong>cl</strong></span> <span class='ocrx_word' id='word_1_756' title='bbox 2768 4989 3091 5047; x_wconf 78' lang='lat' dir='ltr'><strong>incolumem</strong></span> <span class='ocrx_word' id='word_1_757' title='bbox 3162 4999 3510 5067; x_wconf 80' lang='lat' dir='ltr'><strong>peregrinuttt</strong></span> 
     </span>
    </p>
   </div>
   <div class='ocr_carea' id='block_1_110' title="bbox 1937 5068 3510 5155">
    <p class='ocr_par' dir='ltr' id='par_1_110' title="bbox 1937 5068 3510 5155">
     <span class='ocr_line' id='line_1_110' title="bbox 1937 5068 3510 5155; baseline 0.016 -35"><span class='ocrx_word' id='word_1_758' title='bbox 1937 5068 2170 5124; x_wconf 81' lang='lat' dir='ltr'><strong>Athenis</strong></span> <span class='ocrx_word' id='word_1_759' title='bbox 2214 5071 2556 5129; x_wconf 89' lang='lat' dir='ltr'><strong>educendum</strong></span> <span class='ocrx_word' id='word_1_760' title='bbox 2617 5080 2848 5146; x_wconf 75' lang='lat' dir='ltr'><strong>Clll&#39;8\&#39;il,</strong></span> <span class='ocrx_word' id='word_1_761' title='bbox 2904 5091 3046 5138; x_wconf 90' lang='lat' dir='ltr'><strong>etut</strong></span> <span class='ocrx_word' id='word_1_762' title='bbox 3104 5085 3510 5155; x_wconf 86' lang='lat' dir='ltr'><strong>desererentur,</strong></span> 
     </span>
    </p>
   </div>
   <div class='ocr_carea' id='block_1_111' title="bbox 1938 5163 3507 5242">
    <p class='ocr_par' dir='ltr' id='par_1_111' title="bbox 1938 5163 3507 5242">
     <span class='ocr_line' id='line_1_111' title="bbox 1938 5163 3507 5242; baseline 0.013 -28"><span class='ocrx_word' id='word_1_763' title='bbox 1938 5163 2032 5230; x_wconf 94' lang='lat' dir='ltr'><strong>qui</strong></span> <span class='ocrx_word' id='word_1_764' title='bbox 2067 5163 2218 5232; x_wconf 90' lang='lat' dir='ltr'><strong>prius</strong></span> <span class='ocrx_word' id='word_1_765' title='bbox 2275 5164 2346 5218; x_wconf 89' lang='lat' dir='ltr'><strong>dii</strong></span> <span class='ocrx_word' id='word_1_766' title='bbox 2407 5167 2721 5236; x_wconf 87' lang='lat' dir='ltr'><strong>audiebant,</strong></span> <span class='ocrx_word' id='word_1_767' title='bbox 2779 5172 2976 5228; x_wconf 77' lang='lat' dir='ltr'><strong>elTecit.</strong></span> <span class='ocrx_word' id='word_1_768' title='bbox 3035 5177 3507 5242; x_wconf 86' lang='lat' dir='ltr'><strong>Quemadmodum</strong></span> 
     </span>
    </p>
   </div>
   <div class='ocr_carea' id='block_1_112' title="bbox 1938 5251 3510 5335">
    <p class='ocr_par' dir='ltr' id='par_1_112' title="bbox 1938 5251 3510 5335">
     <span class='ocr_line' id='line_1_112' title="bbox 1938 5251 3510 5335; baseline 0.011 -29"><span class='ocrx_word' id='word_1_769' title='bbox 1938 5251 2084 5306; x_wconf 88' lang='lat' dir='ltr'><strong>enim</strong></span> <span class='ocrx_word' id='word_1_770' title='bbox 2139 5253 2228 5308; x_wconf 87' lang='lat' dir='ltr'><strong>ubi</strong></span> <span class='ocrx_word' id='word_1_771' title='bbox 2278 5255 2371 5309; x_wconf 83' lang='lat' dir='ltr'><strong>lux</strong></span> <span class='ocrx_word' id='word_1_772' title='bbox 2428 5267 2548 5312; x_wconf 90' lang='lat' dir='ltr'><strong>orta</strong></span> <span class='ocrx_word' id='word_1_773' title='bbox 2606 5271 2710 5325; x_wconf 82' lang='lat' dir='ltr'><strong>est,</strong></span> <span class='ocrx_word' id='word_1_774' title='bbox 2768 5265 3051 5335; x_wconf 84' lang='lat' dir='ltr'><strong>evestigio</strong></span> <span class='ocrx_word' id='word_1_775' title='bbox 3107 5271 3345 5324; x_wconf 72' lang='lat' dir='ltr'><strong>tenebrae</strong></span> <span class='ocrx_word' id='word_1_776' title='bbox 3380 5288 3510 5326; x_wconf 80' lang='lat' dir='ltr'><strong>eva—</strong></span> 
     </span>
    </p>
   </div>
   <div class='ocr_carea' id='block_1_113' title="bbox 1938 5347 3504 5418">
    <p class='ocr_par' dir='ltr' id='par_1_113' title="bbox 1938 5347 3504 5418">
     <span class='ocr_line' id='line_1_113' title="bbox 1938 5347 3504 5418; baseline 0.013 -20"><span class='ocrx_word' id='word_1_777' title='bbox 1938 5355 2168 5400; x_wconf 89' lang='lat' dir='ltr'><strong>nescunt</strong></span> <span class='ocrx_word' id='word_1_778' title='bbox 2195 5386 2210 5410; x_wconf 91' lang='lat'><strong>,</strong></span> <span class='ocrx_word' id='word_1_779' title='bbox 2274 5347 2355 5403; x_wconf 89' lang='lat' dir='ltr'><strong>sic</strong></span> <span class='ocrx_word' id='word_1_780' title='bbox 2394 5348 2651 5406; x_wconf 88' lang='lat' dir='ltr'><strong>lalsorum</strong></span> <span class='ocrx_word' id='word_1_781' title='bbox 2694 5354 2917 5409; x_wconf 88' lang='lat' dir='ltr'><strong>deorum</strong></span> <span class='ocrx_word' id='word_1_782' title='bbox 2968 5364 3123 5411; x_wconf 87' lang='lat' dir='ltr'><strong>turba</strong></span> <span class='ocrx_word' id='word_1_783' title='bbox 3155 5360 3219 5413; x_wconf 87' lang='lat' dir='ltr'><strong>ad</strong></span> <span class='ocrx_word' id='word_1_784' title='bbox 3256 5363 3366 5416; x_wconf 91' lang='lat' dir='ltr'><strong>veri</strong></span> <span class='ocrx_word' id='word_1_785' title='bbox 3411 5362 3504 5418; x_wconf 87' lang='lat' dir='ltr'><strong>Dei</strong></span> 
     </span>
    </p>
   </div>
   <div class='ocr_carea' id='block_1_114' title="bbox 1943 5442 2548 5511">
    <p class='ocr_par' dir='ltr' id='par_1_114' title="bbox 1943 5442 2548 5511">
     <span class='ocr_line' id='line_1_114' title="bbox 1943 5442 2548 5511; baseline 0.007 -16"><span class='ocrx_word' id='word_1_786' title='bbox 1943 5442 2286 5511; x_wconf 75' lang='lat' dir='ltr'><strong>przeseutiam</strong></span> <span class='ocrx_word' id='word_1_787' title='bbox 2320 5449 2548 5500; x_wconf 87' lang='lat' dir='ltr'><strong>corruit.</strong></span> 
     </span>
    </p>
   </div>
   <div class='ocr_carea' id='block_1_115' title="bbox 2010 5530 3503 5620">
    <p class='ocr_par' dir='ltr' id='par_1_115' title="bbox 2010 5530 3503 5620">
     <span class='ocr_line' id='line_1_115' title="bbox 2010 5530 3503 5620; baseline 0.013 -37"><span class='ocrx_word' id='word_1_788' title='bbox 2010 5530 2128 5585; x_wconf 83' lang='lat' dir='ltr'><strong>Non</strong></span> <span class='ocrx_word' id='word_1_789' title='bbox 2162 5532 2327 5601; x_wconf 86' lang='lat' dir='ltr'><strong>igitur</strong></span> <span class='ocrx_word' id='word_1_790' title='bbox 2381 5536 2494 5588; x_wconf 75' lang='lat' dir='ltr'><strong>hazc</strong></span> <span class='ocrx_word' id='word_1_791' title='bbox 2524 5537 2868 5596; x_wconf 87' lang='lat' dir='ltr'><strong>admirabilia</strong></span> <span class='ocrx_word' id='word_1_792' title='bbox 2907 5554 2964 5598; x_wconf 89' lang='lat' dir='ltr'><strong>et</strong></span> <span class='ocrx_word' id='word_1_793' title='bbox 2999 5548 3301 5614; x_wconf 87' lang='lat' dir='ltr'><strong>apostolico</strong></span> <span class='ocrx_word' id='word_1_794' title='bbox 3328 5549 3503 5620; x_wconf 78' lang='lat' dir='ltr'><strong>fulgo-</strong></span> 
     </span>
    </p>
   </div>
   <div class='ocr_carea' id='block_1_116' title="bbox 1941 5622 3503 5705">
    <p class='ocr_par' dir='ltr' id='par_1_116' title="bbox 1941 5622 3503 5705">
     <span class='ocr_line' id='line_1_116' title="bbox 1941 5622 3503 5705; baseline 0.012 -31"><span class='ocrx_word' id='word_1_795' title='bbox 1941 5637 1997 5676; x_wconf 91' lang='lat' dir='ltr'><strong>rc</strong></span> <span class='ocrx_word' id='word_1_796' title='bbox 2030 5635 2091 5675; x_wconf 83' lang='lat' dir='ltr'><strong>ac</strong></span> <span class='ocrx_word' id='word_1_797' title='bbox 2120 5622 2387 5686; x_wconf 84' lang='lat' dir='ltr'><strong>libertate,</strong></span> <span class='ocrx_word' id='word_1_798' title='bbox 2431 5642 2537 5694; x_wconf 86' lang='lat' dir='ltr'><strong>qua</strong></span> <span class='ocrx_word' id='word_1_799' title='bbox 2583 5630 2844 5698; x_wconf 88' lang='lat' dir='ltr'><strong>majorem</strong></span> <span class='ocrx_word' id='word_1_800' title='bbox 2888 5651 3047 5691; x_wconf 89' lang='lat' dir='ltr'><strong>nemo</strong></span> <span class='ocrx_word' id='word_1_801' title='bbox 3102 5638 3368 5705; x_wconf 86' lang='lat' dir='ltr'><strong>attulerit,</strong></span> <span class='ocrx_word' id='word_1_802' title='bbox 3421 5639 3503 5693; x_wconf 88' lang='lat' dir='ltr'><strong>di-</strong></span> 
     </span>
    </p>
   </div>
   <div class='ocr_carea' id='block_1_117' title="bbox 1933 5715 3498 5798">
    <p class='ocr_par' dir='ltr' id='par_1_117' title="bbox 1933 5715 3498 5798">
     <span class='ocr_line' id='line_1_117' title="bbox 1933 5715 3498 5798; baseline 0.015 -34"><span class='ocrx_word' id='word_1_803' title='bbox 1933 5730 2035 5781; x_wconf 85' lang='lat' dir='ltr'><strong>gna</strong></span> <span class='ocrx_word' id='word_1_804' title='bbox 2092 5715 2580 5774; x_wconf 75' lang='lat' dir='ltr'><strong>existimabimus?</strong></span> <span class='ocrx_word' id='word_1_805' title='bbox 2647 5723 2726 5774; x_wconf 78' lang='lat' dir='ltr'><strong>Au</strong></span> <span class='ocrx_word' id='word_1_806' title='bbox 2793 5741 2919 5780; x_wconf 85' lang='lat' dir='ltr'><strong>vero</strong></span> <span class='ocrx_word' id='word_1_807' title='bbox 2967 5729 3161 5798; x_wconf 79' lang='lat' dir='ltr'><strong>exigua</strong></span> <span class='ocrx_word' id='word_1_808' title='bbox 3226 5742 3353 5785; x_wconf 84' lang='lat' dir='ltr'><strong>sunt</strong></span> <span class='ocrx_word' id='word_1_809' title='bbox 3403 5734 3498 5787; x_wconf 75' lang='lat' dir='ltr'><strong>illa</strong></span> 
     </span>
    </p>
   </div>
   <div class='ocr_carea' id='block_1_118' title="bbox 1932 5808 3501 5885">
    <p class='ocr_par' dir='ltr' id='par_1_118' title="bbox 1932 5808 3501 5885">
     <span class='ocr_line' id='line_1_118' title="bbox 1932 5808 3501 5885; baseline 0.015 -31"><span class='ocrx_word' id='word_1_810' title='bbox 1932 5808 2460 5874; x_wconf 64' lang='lat' dir='ltr'><strong>tltne&#39;nascelantur</strong></span> <span class='ocrx_word' id='word_1_811' title='bbox 2522 5825 2587 5863; x_wconf 73' lang='lat' dir='ltr'><strong>ex</strong></span> <span class='ocrx_word' id='word_1_812' title='bbox 2627 5827 2780 5878; x_wconf 84' lang='lat' dir='ltr'><strong>cura,</strong></span> <span class='ocrx_word' id='word_1_813' title='bbox 2838 5831 2999 5882; x_wconf 79' lang='lat' dir='ltr'><strong>quam</strong></span> <span class='ocrx_word' id='word_1_814' title='bbox 3061 5835 3186 5885; x_wconf 86' lang='lat' dir='ltr'><strong>erga</strong></span> <span class='ocrx_word' id='word_1_815' title='bbox 3239 5819 3501 5878; x_wconf 74' lang='lat' dir='ltr'><strong>ecclesias</strong></span> 
     </span>
    </p>
   </div>
   <div class='ocr_carea' id='block_1_119' title="bbox 3108 5913 3183 5975">
    <p class='ocr_par' dir='ltr' id='par_1_119' title="bbox 3108 5913 3183 5975">
     <span class='ocr_line' id='line_1_119' title="bbox 3108 5913 3183 5975; baseline 0.027 -2"><span class='ocrx_word' id='word_1_816' title='bbox 3108 5913 3183 5975; x_wconf 70' lang='grc'><strong>34</strong></span> 
     </span>
    </p>
   </div>
  </div>
