3996 6202
502 321 636 385 Ῐῦῖι

1711 314 2006 373 MAXlMl
2053 313 2426 374 l‘LANUD.IL

3583 326 3693 387 1072

501 453 622 492 rum
671 435 786 504 ipse
823 434 927 488 sibi
986 432 1071 487 sui
1153 430 1306 486 exitii
1392 437 1587 483 auctor
1658 431 2054 497 exstitit;nam

2168 430 2291 491 τοὺς
2326 428 2523 492 ἔξωθεν
2574 428 3113 499 προσλαμδάνουσας
3154 433 3296 486 Ἀλλ’
3326 435 3517 498 ἐκεῖνος
3546 439 3692 512 ἑαυτῴ

501 526 644 582 Deus
695 540 821 578 cum
879 524 949 577 sit
979 521 1178 585 bonus,
1208 521 1381 574 bonos
1429 518 1560 572 facit
1600 528 1655 572 et
1689 528 1901 584 servat;
1935 517 2063 572 mali

498 633 628 672 vero
674 617 930 672 iiinlitiam
960 616 1063 672 sibi
1146 614 1453 683 imputem;
1513 627 1638 667 cum
1689 613 1840 666 enim
1917 612 2062 664 domi

497 727 614 765 sua:
649 710 915 778 incipiunt
965 724 1088 764 esse
1149 707 1297 767 mali,
1324 706 1390 760 de
1425 715 1623 760 caetero
1668 704 1800 759 nihil
1837 704 1939 758 luci
1970 703 2066 756 bo-

496 818 566 856 no
627 801 971 870 relinquitur.
1022 800 1099 853 Ex
1161 814 1272 868 quo
1316 806 1503 867 postea
1572 796 1650 859 fit,
1703 809 1761 850 ut
1818 796 2063 850 bonitate

495 892 716 954 deserti,
796 893 934 944 male
991 889 1173 944 itidem
1232 889 1532 942 ambulent.
1574 888 1636 941 Et
1684 892 1783 942 hoc
1842 887 2060 957 quidem

495 1000 663 1038 unum
719 990 822 1036 est.

564 1076 827 1137 Alterum,
893 1073 1072 1142 qualis
1171 1071 1386 1134 Petrus,
1458 1072 1550 1140 qui
1627 1070 2060 1138 coapostolorum

490 1169 816 1224 electionem
850 1167 1109 1227 instituit,
1140 1175 1195 1219 et
1239 1165 1306 1218 ad
1343 1180 1524 1234 parem
1559 1163 1660 1219 sibi
1720 1163 2057 1218 iunctionem

492 1261 693 1324 evehit,
747 1256 892 1327 quod
933 1257 1065 1310 nulli
1120 1257 1298 1321 alteri,
1327 1253 1434 1309 nisi
1473 1255 1576 1310 soli
1637 1253 1859 1308 Christo
1913 1270 2062 1308 com-

494 1367 679 1420 petere
707 1352 952 1406 scimus:
982 1347 1084 1401 boc
1117 1347 1263 1401 enim
1295 1346 1441 1398 omni
1473 1346 1679 1399 honore
1723 1356 1776 1400 et
1799 1345 2061 1414 dignitate

494 1442 826 1498 eminentius
861 1449 943 1494 est
974 1457 990 1492 :
1024 1449 1077 1492 et
1115 1437 1216 1491 soli
1262 1436 1421 1490 l’etro
1461 1451 1527 1490 et
1574 1436 1721 1490 omni
1747 1435 2058 1489 mortalium

494 1549 722 1589 numero
783 1535 896 1586 haec
952 1529 1184 1592 felicitas
1260 1528 1475 1598 obtigit,
1523 1527 1724 1597 quippe
1782 1527 1876 1597 qui
1940 1527 2060 1582 loco

492 1625 699 1680 Christi
745 1625 976 1679 aliorum
1007 1623 1118 1678 dux
1149 1631 1201 1676 et
1258 1621 1510 1690 princeps
1541 1633 1570 1671 a
1596 1617 1816 1673 Christo
1847 1619 2057 1674 consti-

492 1729 642 1773 tutus
682 1724 820 1779 erat,
847 1715 1202 1785 ejusdemque
1233 1713 1410 1765 locum
1435 1724 1564 1779 erga
1606 1711 1746 1764 alios
1797 1711 2054 1776 tenebat;

491 1817 708 1879 propter
744 1822 865 1876 qua:
904 1805 1086 1860 nullus
1114 1791 1179 1858 ex
1238 1803 1362 1857 aliis
1399 1801 1662 1871 apostolis
1695 1811 1841 1854 tanta
1882 1801 2056 1854 admi-

489 1903 703 1956 ratione
749 1899 947 1967 dignus
998 1908 1101 1962 est,
1157 1905 1356 1966 quanta
1417 1893 1636 1949 Petrus.
1690 1891 1863 1959 Quem
1911 1893 2056 1948 enim

487 1991 690 2060 alioqui
730 1988 1121 2058 discipulorum
1173 1989 1415 2041 omnium
1459 1985 1920 2040 ferventissimum
1975 1986 2060 2040 di-

487 2085 757 2154 scipulqu
789 2081 995 2138 Christi
1035 2081 1312 2143 nmimns,
1351 2095 1476 2134 eum
1515 2093 1660 2132 nunc
1699 2079 1818 2132 vice
1854 2087 1906 2134 et
1937 2078 2058 2134 loco

485 2176 689 2234 Christi
757 2175 1021 2243 apostolis
1073 2173 1380 2241 praefectum
1467 2170 1874 2240 conspicantes,
1948 2186 2057 2239 quo

489 2266 708 2320 tandem
764 2265 883 2318 loco
931 2261 1300 2331 reponemus?
1357 2259 1462 2314 Sed
1514 2261 1786 2316 orationis
1822 2261 2058 2330 impetus

490 2374 519 2411 a
567 2357 845 2427 proposito
923 2354 1032 2408 huc
1114 2367 1199 2408 tne
1255 2352 1540 2406 abstraxit.
1593 2352 1664 2405 At
1719 2351 2055 2406 redeundum

487 2460 594 2505 est.
648 2449 897 2502 Dicebam
934 2445 1099 2516 igitur
1125 2445 1195 2499 de
1226 2444 1396 2510 curis,
1435 2443 1636 2514 quibus
1665 2444 1878 2500 animas
1910 2459 2059 2499 com-

491 2542 869 2614 plectebantur
923 2538 1180 2607 apostoli,
1223 2545 1278 2591 et
1311 2536 1379 2591 de
1428 2535 1551 2590 aliis
1581 2537 1688 2591 huc
1737 2536 2058 2607 pertinenti-

491 2638 616 2698 bus,
647 2648 770 2703 quze
807 2639 860 2685 et
888 2630 1052 2685 multa
1089 2636 1143 2684 et
1192 2627 1377 2700 gravia
1434 2627 1606 2685 fulsse
1634 2638 1869 2684 constat.

557 2725 745 2792 Quoad
795 2737 1027 2792 corpora
1058 2720 1275 2787 attinet,
1303 2728 1564 2790 quantam
1629 2735 1820 2775 eorum
1867 2735 2052 2775 curam

492 2816 779 2887 gesserint,
821 2814 1053 2867 imlicem
1077 2822 1287 2868 eertum
1322 2813 1589 2867 habemus
1619 2813 1733 2882 ipsa
1768 2813 2054 2877 miracula,

491 2915 545 2958 et
584 2905 686 2959 hoc
717 2904 906 2968 etiam,
957 2901 1110 2970 quod
1171 2901 1433 2969 apostolis
1477 2902 1692 2956 curatio
1741 2904 2054 2958 morborum

493 2997 666 3066 magis
713 3011 858 3048 cura:
913 2994 1074 3048 fuerit
1114 3007 1276 3062 quam
1316 2993 1452 3062 ipsis
1481 2992 1702 3063 aegrotis
1740 3011 1754 3048 :
1791 3010 1913 3050 nam
1947 2999 2055 3062 his,

2166 521 2265 590 τῆς
2295 526 2679 592 καταστροφῆς
2715 525 2910 588 αἴτιος,
2963 526 3039 588 ὠς
3087 527 3114 579 δ
3142 545 3204 589 γε
3233 527 3367 590 Θεὸς
3395 530 3578 596 ἀγαθὸς
3615 535 3692 593 ὢν.

2165 613 2407 679 ἀγαθοὺς
2443 613 2542 680 μὲν
2565 613 2661 666 καὶ
2691 618 2837 667 ποιεῖ
2866 617 2961 668 καὶ
2989 620 3184 683 τηρεῖ·
3214 620 3378 672 κακοὶ
3416 621 3471 672 δὲ
3505 623 3694 687 ἑαυτοὺς

2167 703 2536 756 αἰτιάσθωσαν
2577 706 2677 773 τῆς
2719 706 2940 768 κακίας.
2971 706 3226 762 Ἐπειδὰν
3260 711 3367 778 γὰρ
3403 712 3596 764 οἷκοθεν
3621 716 3696 783 ἆρ-

2169 794 2366 859 ξωνται
2413 798 2571 849 κακοὶ
2617 799 2884 866 γίνεσθαι,
2927 800 3083 853 οὐδὲν
3122 803 3179 853 ἐν
3208 804 3289 872 τῷ
3318 805 3503 874 ἀγαθῴ
3545 805 3695 859 latr.er

2165 889 2283 938 ἐστι
2313 889 2516 956 μένειν.
2551 891 2814 943 Λείπεται
2842 891 2898 942 δὲ
2941 892 3132 945 τούτου
3176 910 3238 960 γε
3268 895 3426 958 ἐκτὸς
3451 897 3696 950 ἀπολειπο-

2169 979 2362 1047 μένους
2387 980 2573 1041 κακῶς
2602 979 2870 1048 οἴχεσθαι.
2911 981 3066 1044 Ἐνὺς
3097 984 3198 1051 μὲν
3229 983 3325 1038 οὖν
3354 986 3557 1042 τούτου.

2236 1069 2499 1137 Δευτέρου
2534 1071 2614 1132 δὲ,
2648 1073 2697 1122 εί
2732 1071 2976 1135 τοιοῦτος
3009 1075 3040 1126 ό
3088 1075 3316 1144 Πέτρος,
3354 1079 3430 1140 ὡς
3472 1081 3561 1132 καὶ
3601 1100 3697 1134 συν-

2166 1161 2484 1214 αποστόλων
2515 1163 2744 1231 ἐκλογὴν
2798 1165 3093 1231 ποιεῖσθαι,
3148 1169 3243 1220 καὶ
3295 1170 3433 1239 πρὸς
3473 1172 3565 1242 τὴν
3607 1175 3700 1244 ίσηιο

2167 1252 2316 1322 αὐτῷ
2347 1253 2716 1321 καθιστάνειν,
2759 1256 3042 1311 διακονίαν
3077 1259 3106 1312 δ
3145 1260 3379 1329 μηδενὸς
3406 1264 3559 1317 ἄλλον
3599 1271 3703 1334 πρό-

2168 1342 2291 1395 σθεν
2328 1342 2386 1394 ὃν
2417 1345 2574 1413 ῐσμεν
2607 1345 2640 1416 ἦ
2685 1347 2848 1415 μόνου
2901 1349 3165 1419 Χριστοῦ.
3200 1353 3376 1406 Τοῦτο
3429 1357 3532 1426 γὰρ
3567 1360 3701 1427 τιμῆς

2164 1436 2385 1504 ἁπάσης
2417 1438 2702 1500 ἐπέκεινα,
2747 1441 2843 1492 καὶ
2876 1441 3040 1509 μόνος
3085 1442 3397 1512 ἀνθρώπων
3439 1449 3704 1518 εὐτυχήσας

2164 1525 2326 1578 τοῦτο
2359 1527 2562 1596 Πέτρος
2594 1529 2791 1596 ἐφάνη,
2846 1532 2966 1582 ἀντὶ
3004 1534 3243 1602 Χριστοῦ
3277 1537 3390 1590 τῶν
3436 1537 3597 1591 ἄλλων
3636 1543 3704 1592 αἱ·

2168 1617 2344 1686 ρεοεὶς
2392 1623 2692 1688 κορυφαῖος
2742 1623 2893 1690 παρὰ
2944 1621 3187 1694 Χριστοῦ
3239 1628 3335 1679 καὶ
3385 1629 3475 1681 τὸν
3526 1631 3703 1683 ὲκξὶνευ

2164 1712 2326 1763 τόπον
2357 1711 2426 1764 τὰ
2450 1715 2588 1780 πρὸς
2615 1717 2741 1778 τοὺς
2763 1716 2955 1779 ἄλλους
2987 1719 3196 1788 τηρῶν.
3236 1721 3320 1774 Δι’
3349 1722 3385 1776 ἃ
3421 1723 3485 1794 δὴ
3511 1727 3593 1776 καὶ
3619 1731 3702 1795 πρ)

2161 1804 2355 1857 ἑαυτοῦ
2410 1807 2599 1859 οὐδένα
2650 1807 3028 1878 θαυμάζεσθαι
3080 1814 3187 1865 τῶν
3238 1816 3419 1870 ἄλλων
3470 1801 3700 1889 Ide-fma».

2167 1898 2264 1949 Ὃν
2295 1897 2400 1969 γάρ
2433 1903 2528 1951 καὶ
2558 1899 2734 1964 άλλως
2763 1904 2869 1968 πρὸ
2907 1892 3129 1959 πάντων
3163 1911 3499 1979 ὴγασάμεοα
3542 1913 3706 1984 θερμό-

2160 2005 2324 2042 τατον
2370 1991 2589 2045 πάντων
2645 1993 2897 2064 μαθητὴν
2946 1997 3253 2062 ἐγνωκότες
3315 2003 3587 2073 Χριστοῦ,
3635 2008 3707 2060 νῦν

2159 2081 2281 2134 ἀντὶ
2333 2083 2570 2152 Χριστοῦ
2624 2088 2737 2150 τοῖς
2779 2088 3103 2152 ἀποστόλοις
3145 2095 3390 2163 ὁρῶντες
3437 2099 3705 2167 γινόμενον,

2162 2176 2265 2228 ποῦ
2308 2179 2552 2241 στάσεως
2582 2180 2798 2233 τάττειν
2828 2181 3158 2254 όφείλομενς
3198 2186 3348 2240 Ἀλλ’
3401 2191 3431 2241 δ
3484 2190 3628 2258 λόγος
3656 2210 3707 2259 με

2163 2271 2519 2339 συναρπάσας
2547 2273 2655 2324 τῶν
2689 2276 3067 2345 προκειμένων
3093 2278 3257 2348 δεῦρο
3289 2285 3600 2353 παρήγαγε·
3645 2284 3709 2335 δεῖ

2158 2363 2205 2416 δ’
2241 2365 2561 2432 ἐπανάγειν,
2594 2367 2723 2434 περὶ
2755 2362 2815 2420 οὗ
2846 2371 3032 2422 τοίνυν
3062 2370 3273 2438 ελεγον.
3311 2375 3428 2438 Τὰς
3472 2379 3566 2443 μὲν
3606 2379 3711 2444 περὶ

2161 2451 2350 2522 ψυχῶν
2399 2455 2512 2517 τοῖς
2556 2455 2878 2518 ἀποστόλοις
2937 2461 3264 2528 φροντίδας,
3322 2465 3420 2516 καὶ
3459 2466 3553 2517 ὅσα
3601 2468 3709 2532 πρὸς

2159 2545 2327 2607 αὑτὰς
2359 2545 2534 2616 φέρει,
2575 2545 2720 2601 οὕτω
2752 2549 2952 2612 πολλὰς
2982 2554 3074 2604 καὶ
3107 2556 3358 2622 μεγάλας
3390 2558 3536 2610 ἐστιν
3580 2559 3704 2612 ἰδεῖν.

2231 2721 2332 2781 Ὧν
2377 2728 2434 2781 δὲ
2487 2732 2617 2798 περὶ
2662 2733 2934 2801 σωμάτων
2988 2729 3153 2802 εἶχον,
3211 2737 3458 2808 γνώμων
3507 2739 3708 2810 ἀληθὴς,

2161 2819 2298 2872 αὐτά
2330 2837 2413 2872 σοι
2444 2823 2511 2873 τὰ
2544 2821 2824 2892 Θαύματα,
2860 2829 2950 2878 καὶ
2997 2828 3057 2878 τὸ
3102 2829 3306 2896 μᾶλλον
3356 2835 3472 2894 τοῖς
3501 2833 3708 2885 ἀποστό-

2157 2911 2288 2977 λοις,
2311 2913 2469 2982 ἢτοῖς
2501 2915 2790 2998 κάμνουσι,
2820 2918 2914 2979 τὰς
2938 2918 3235 2986 Θεραπείας
3268 2923 3384 2974 τῶν
3412 2925 3703 2994 νοσημάτων

2157 3005 2246 3058 διά
2278 3005 2513 3074 σπουδῆς
2555 3003 2716 3060 εἶναι·
2749 3012 2844 3063 καὶ
2877 3011 2984 3080 γὰρ
3008 3013 3288 3076 τοιούτους
3334 3017 3565 3079 ἑαυτοὺς
3589 3032 3711 3086 παρα

493 3088 586 3156 qui
638 3103 740 3156 ope
769 3087 949 3155 aliqua
1001 3083 1339 3154 indigebant,
1384 3084 1524 3140 tales
1591 3099 1650 3139 se
1687 3085 2054 3154 praebuerunt,

2162 3098 2306 3167 εἶχον
2361 3101 2476 3161 τοῖς
2523 3099 2824 3169 δεομένοις,
2877 3104 3099 3167 ὁποίους
3151 3107 3263 3158 οὐδ’
3307 3107 3381 3160 ἂν
3428 3111 3611 3164 ἐκεῖνοί
3657 3127 3709 3178 γε

489 3181 679 3252 quales
733 3180 834 3235 sibi
865 3177 1109 3248 polliceri
1145 3191 1251 3232 non
1294 3184 1566 3246 poterant.
1613 3175 1863 3232 Stabilita
1909 3179 2052 3234 enim

487 3274 870 3343 pnedicatione
919 3269 1020 3340 per
1065 3269 1174 3324 duo
1230 3270 1357 3335 icta,
1411 3284 1507 3340 per
1551 3268 1859 3325 doctrinam
1896 3271 2056 3325 nimi-

489 3380 606 3418 rum
641 3363 709 3418 de
739 3362 984 3428 Christo,
1026 3371 1079 3416 et
1115 3375 1212 3429 per
1252 3359 1644 3416 miraculorum
1690 3362 2053 3429 ell'ectionem,

485 3469 539 3514 et
587 3473 711 3512 cum
743 3469 974 3526 utroque
1047 3455 1246 3524 ubique
1291 3455 1375 3508 usi
1446 3454 1697 3519 fuissent,
1749 3470 1857 3510 non
1888 3456 2058 3526 magis

485 3550 766 3613 doctrinae,
807 3563 968 3618 quam
1000 3544 1387 3601 miraculorum
1429 3544 1719 3615 patrationi
1753 3545 2052 3614 vacabant,

489 3657 660 3712 neque
704 3643 802 3696 .uni
840 3639 1031 3709 magis,
1073 3653 1237 3709 quam
1285 3637 1443 3692 alteri
1499 3639 1889 3704 attendebant;
1930 3654 2053 3692 nam

484 3738 527 3789 si
558 3735 683 3804 quis
715 3734 834 3788 illos
861 3733 1025 3788 etiam
1079 3739 1138 3786 ut
1171 3730 1426 3785 doctores
1455 3730 1715 3784 admirari
1752 3730 1900 3794 velit,
1933 3745 2055 3784 cer-

487 3840 570 3884 tos
636 3829 882 3896 fidosque
982 3823 1241 3879 doctrina:
1305 3822 1703 3889 admirabitur;
1752 3822 1796 3877 si
1873 3832 2052 3877 autem

485 3918 743 3974 admirari
810 3917 992 3972 lubeat
1051 3922 1306 3983 tanquam
1361 3913 1643 3968 miraculis
1707 3915 2054 3983 conspicuos,

487 4023 632 4067 recte
687 4011 886 4077 faciet;
939 4009 1066 4077 quia
1115 3994 1409 4062 adiniratio
1472 4007 1754 4062 miraculis
1814 4018 2045 4078 cognata

485 4117 567 4161 est
601 4115 654 4158 et
687 4103 1052 4172 cognominis.
1597 4095 1601 4104 ’

554 4199 859 4261 Ducebant,
897 4194 1114 4266 quando
1148 4203 1360 4264 tempus
1396 4203 1534 4262 erat,
1567 4194 1647 4248 vel
1693 4195 1872 4265 potius
1903 4195 2051 4251 omni

485 4303 768 4361 tempore:
818 4297 868 4344 et
926 4287 1080 4356 signa
1112 4286 1406 4351 faciebant,
1475 4287 1693 4356 quando
1748 4289 2053 4344 necessitas

487 4383 818 4452 postulabat,
865 4379 946 4433 vel
1008 4379 1190 4450 potius
1237 4393 1499 4448 semper:
1537 4393 1756 4449 semper
1789 4381 1936 4434 enim
1996 4381 2049 4434 in

483 4484 634 4528 tanta
677 4470 1047 4543 magnitudine
1093 4470 1239 4525 orbis
1289 4469 1393 4524 hoc
1423 4470 1788 4525 necessarium
1821 4482 1960 4525 erat.
1988 4471 2054 4526 Et

443 4623 446 4628 _
484 4567 701 4636 quidem
738 4581 861 4619 cum
895 4563 1178 4629 docerent,
1240 4562 1476 4632 seipsos,
1547 4571 1602 4618 ut
1659 4555 2050 4618 miraculorum

437 4681 442 4686 ·
483 4659 794 4722 ctfectores,
843 4653 1220 4723 superabant:
1253 4669 1379 4709 cum
1413 4668 1540 4709 vero
1603 4655 1864 4711 miracula
1921 4657 2050 4711 ede—

485 4759 624 4815 rent,
666 4746 1002 4817 superabant
1033 4761 1090 4800 se
1125 4753 1183 4798 ut
1215 4747 1501 4807 doctores;
1551 4745 1625 4798 ita
1664 4757 1719 4798 ut
1765 4746 1962 4815 seipsis
1996 4745 2050 4800 in

485 4841 753 4897 ambobus
800 4838 1211 4910 pracstantiores
1248 4852 1371 4892 esse
1421 4837 1760 4900 viderentur,
1819 4839 2052 4906 aequales

482 4946 664 4989 tamen
721 4945 988 5001 paresque
1045 4927 1355 4998 utrobique.
1405 4926 1570 4997 Atqui
1613 4935 1667 4981 et
1717 4941 1913 4996 corpus
1957 4942 2050 4982 ca-

484 5029 690 5097 stigare
725 5025 887 5094 inque
916 5011 1237 5079 servitutem
1289 5019 1562 5089 redigere,
1593 5027 1647 5074 et
1678 5018 1875 5073 iterum
1927 5020 2050 5076 aliis

481 5121 821 5192 praecipere,
879 5125 936 5168 ut
1009 5121 1229 5185 propter
1281 5111 1549 5167 stomachi
1613 5110 2044 5166 imbecillitatem

480 5220 666 5271 vinum
746 5215 956 5275 bibant,
989 5211 1241 5266 maxima:
1320 5207 1710 5264 sollicitudinis
1788 5206 2048 5260 indicium

478 5320 601 5363 est:
644 5308 973 5377 plenumque
1012 5301 1372 5358 admiratione
1424 5307 1637 5370 reputo,
1669 5313 1731 5353 ea
1761 5313 1882 5368 quae
1913 5298 2048 5352 alias

480 5402 733 5455 videntur
781 5398 1078 5460 contraria,
1111 5394 1178 5450 ad
1240 5393 1494 5450 eumdem
1528 5392 1714 5447 .ftuem
1761 5391 2044 5461 dirigere;

480 5508 574 5560 per
628 5492 759 5544 illud
809 5491 951 5544 enim
996 5489 1355 5542 exsultantem
1427 5487 1602 5538 instar
1641 5485 1770 5553 pulli
1826 5499 2045 5538 carnem

480 5575 746 5629 refrenari
782 5577 954 5645 jubet,
984 5593 1050 5630 ne
1075 5575 1291 5644 spiritui
1331 5574 1607 5643 negotium
1639 5575 1876 5627 lacessat
1903 5587 1919 5626 :
1952 5585 2048 5639 per

483 5666 586 5718 hoc
623 5668 836 5732 corpori
867 5668 930 5720 ad
990 5673 1138 5721 recte
1193 5664 1459 5720 factorum
1517 5662 1858 5718 clleotionem
1903 5661 2046 5716 vires

481 5753 719 5823 subiicit.

2160 3189 2416 3259 ἤλπισαν.
2450 3193 2582 3244 Δυσὶ
2608 3193 2716 3263 γὰρ
2737 3193 2951 3257 τούτοις
2977 3193 3070 3249 τοῦ
3094 3198 3458 3268 κηρύγματος
3487 3203 3710 3272 βεϐαιου·

2163 3281 2350 3350 μένου,
2381 3280 2567 3352 διδαχῇ
2600 3299 2659 3335 τε
2695 3285 2761 3351 τῇ
2815 3287 2942 3355 περὶ
2982 3287 3223 3357 Χριστοῦ
3265 3293 3364 3344 καὶ
3395 3293 3710 3363 θαυματουρ-

2158 3373 2307 3442 γίαις
2355 3375 2450 3428 καὶ
2501 3374 2711 3438 τούτοις
2749 3377 3076 3446 ,ἁπανταχοῦ
3127 3386 3464 3453 κεχρημένοι
3509 3386 3622 3439 οὔτε
3665 3405 3708 3439 τι

2163 3465 2362 3536 μᾶλλον
2386 3465 2702 3531 διδάξαντες
2728 3469 2760 3538 ἦ
2794 3469 3398 3545 θαυματουργήσαντες
3429 3480 3708 3549 φαίνονται,

2159 3555 2280 3611 οὔτε
2339 3559 2510 3626 τούτῳ
2561 3558 2869 3632 μᾶλλον,ἢ
2928 3567 3120 3633 ἐκείνῳ
3159 3571 3516 3639 προσχόντες.
3562 3573 3622 3625 Εἴ
3662 3587 3709 3622 τε

2157 3648 2264 3717 γάρ
2291 3665 2373 3712 τις
2401 3650 2476 3712 ὡς
2509 3649 2861 3715 διδασκάλους
2893 3653 3197 3726 Θαυμάζειν
3231 3663 3436 3726 αὐτοὺς
3466 3663 3706 3733 βούλοιτο,

2158 3740 2423 3809 ἀσφαλεῖς
2452 3743 2764 3797 διδάσκαλοι
2811 3746 3318 3820 θαυμασθήσονται·
3353 3756 3410 3808 ετ
3434 3755 3484 3808 τ’
3513 3755 3618 3820 οὖν,
3645 3754 3706 3815 ὡς

2158 3833 2398 3904 θαύμασι
2437 3836 2859 3907 διαπρέψαντας.
2911 3844 3186 3911 προσφυὲς
3220 3847 3410 3911 αὐτοῖς
3471 3849 3561 3903 καὶ
3587 3846 3709 3901 ἐπώο

2157 3941 2330 3996 νυμον
2359 3929 2470 3990 τοῖς
2504 3927 2745 3997 Θαύμασι
2778 3930 2840 3983 τὸ
2870 3931 3270 4002 θαυμάζεσθαι.

2226 4194 2542 4250 Ἐδίδασκόν
2577 4213 2638 4249 τε
2665 4196 2774 4267 γὰρ
2804 4196 2865 4252 οὗ
2903 4199 3095 4254 τούτου
3128 4203 3320 4274 καιρός
3349 4221 3366 4235 ’
3424 4206 3621 4276 μᾶλλον
3657 4204 3706 4257 δὲ

2157 4289 2331 4342 πάντα
2364 4291 2590 4360 καιρόν·
2646 4292 2740 4345 καὶ
2777 4295 2979 4362 σημεῖα
3015 4297 3419 4365 ἐπεδείκνυντο,
3472 4296 3533 4356 οὗ
3577 4300 3706 4354 τοῦτ’

2156 4382 2477 4448 ἀναγκαῖον,
2509 4383 2541 4454 ἢ
2578 4385 2780 4452 μᾶλλον
2812 4387 2899 4440 ἀεὶ
2943 4388 3345 4447 ἐπεδείκνυντο.
3372 4392 3489 4447 ’Δεὶ
3521 4397 3625 4465 γὰρ
3656 4396 3705 4446 ἐν

2159 4472 2337 4555 πολλῷ
2369 4475 2538 4543 μήκει
2582 4478 2677 4530 καὶ
2705 4477 2804 4547 τῆς
2835 4481 3164 4552 οἰκουμένης
3188 4479 3257 4555 ἦν
3283 4487 3599 4554 ἀναγκαῖον,
3625 4491 3704 4539 καὶ

2154 4565 2498 4629 διδάσκοντες
2551 4568 2648 4636 μὲν
2701 4570 2912 4623 ἑαυτῶν
2961 4572 3038 4635 ὡς
3101 4573 3357 4645 θαύματα
3422 4578 3704 4631 ποιούντων

2154 4657 2443 4727 ἐκράτουν,
2499 4658 2754 4729 θαύματα
2800 4661 2856 4714 δὲ
2912 4663 3078 4719 πάλιν
3133 4667 3416 4734 τελοῦντες
3457 4671 3532 4733 ὡς
3577 4669 3704 4722 διδαο

2156 4749 2412 4815 σκόντων,
2463 4751 2557 4802 καὶ
2603 4752 2682 4821 τῷ
2741 4754 3024 4821 κρείττους
3073 4757 3287 4813 ἑαυτῶν
3332 4762 3391 4813 ἐν
3440 4760 3702 4826 ἑκατέροις

2154 4835 2291 4893 εἶναι
2313 4839 2512 4905 δοκεῖν,
2557 4842 2660 4896 τσοι
2705 4843 2828 4898 καθ’
2863 4845 3107 4918 ἑκάτερα
3142 4849 3238 4903 καὶ
3266 4851 3574 4921 ἐφάμιλλοι.
3603 4851 3699 4903 Καὶ

2157 4933 2264 5003 μὴν
2298 4934 2392 4986 καὶ
2443 4935 2503 4988 τὸ
2541 4935 2907 5006 δουλαγωγείν
2945 4939 3066 5004 μέν,
3127 4945 3221 4994 καὶ
3273 4944 3602 5009 ὑπωπιάζειν
3645 4942 3696 4993 τὸ

2155 5021 2335 5091 σῶμα,
2375 5025 2536 5078 πάλιν
2586 5026 2632 5078 δ’
2661 5027 2872 5097 ἑτέροις
2921 5032 3264 5086 ἐπιστέλλειν
3311 5039 3440 5108 οῑνῳ
3486 5034 3697 5105 χρῆσθαι

2152 5112 2241 5166 διὰ
2267 5115 2537 5186 στόμαχον
2564 5119 2658 5172 καὶ
2687 5119 2996 5188 ἀσθένειαν,
3026 5124 3120 5193 τῆς
3152 5126 3420 5198 μεγίστης
3441 5127 3695 5198 φροντίδος

2152 5203 2228 5267 ὡς
2258 5207 2495 5277 ἀληθῶς.
2533 5209 2720 5263 Ταῦτα
2763 5211 2818 5264 δὲ
2858 5213 2960 5284 ήδη
3006 5218 3100 5268 καὶ
3143 5218 3387 5287 γέμοντα
3422 5220 3692 5288 θαύματος,

2151 5297 2231 5349 ὅτι
2258 5315 2363 5368 περ
2396 5301 2613 5354 ἐναντία
2637 5301 2898 5356 δοκοῦντα
2932 5306 3067 5375 πρὸς
3089 5306 3181 5359 τὸν
3231 5311 3396 5363 αὑτὸν
3439 5310 3690 5378 συντρέχει

2152 5391 2375 5444 σκοπόν.
2413 5393 2488 5445 Τὸ
2513 5393 2611 5462 μὲν
2640 5398 2748 5464 γὰρ
2772 5396 3085 5466 σκιρτῶσαν
3112 5398 3184 5461 ὡς
3209 5399 3410 5467 πῶλον,
3430 5400 3520 5470 τὴν
3543 5401 3691 5466 σάρκα

2149 5481 2244 5532 τοῦ
2282 5484 2358 5552 μὴ
2390 5485 2694 5555 πράγματα
2733 5489 2994 5559 παρέχειν
3023 5493 3088 5562 τῇ
3117 5491 3286 5562 ψυχῇ,
3315 5491 3555 5563 χαλινοῦν
3582 5488 3688 5559 pod-

2151 5573 2302 5626 λεται
2324 5591 2338 5605 ο
2372 5577 2432 5628 τὸ
2473 5577 2531 5630 δὲ
2566 5579 2700 5650 πρὸς
2732 5581 2994 5652 ἐργασίαν
3024 5585 3130 5639 τῶν
3165 5586 3349 5641 καλῶν
3388 5585 3532 5657 ίσχὺν
3557 5584 3687 5654 νέμει

2149 5681 2227 5734 τῳ
2266 5681 2500 5735 σωματι.
