3996 6202
364 363 498 426 1073
1324 364 1732 426 ENCOMIUM
1766 366 1868 428 SS.
1905 367 1982 426 PE

2089 367 2132 426 ll
2171 368 2268 427 ET
2311 367 2569 430 PAULI;
2691 394 2695 399 ’
3204 383 3208 390 ·
3457 367 3617 433 lll'H’

436 479 625 534 Βούλει
655 480 760 534 καὶ
794 470 938 554 ᾗτινι
969 479 1341 533 κατετείνοντο
1386 479 1626 550 φροντίδι
1664 481 1788 550 περὶ
1820 479 1928 532 τῶν
1958 481 1982 538 ὲ

2104 485 2185 536 An
2218 483 2394 554 cupis,
2432 493 2490 538 ut
2545 496 2835 555 exponam,
2899 500 3003 555 qua
3039 499 3168 539 cura
3231 484 3390 538 etiam
3448 486 3591 536 circa

360 572 536 636 ἐκτὸς,
567 573 744 637 sine);
785 570 932 640 Αὕτη
967 572 1126 625 κοινά
1159 572 1226 625 τά
1253 573 1431 626 πάντα
1462 575 1572 633 τοῖς
1606 571 1930 625 πιστεύσασι

2089 583 2258 630 tterna
2345 576 2449 632 ista
2516 578 2769 647 occupati
2843 575 3078 631 fuerint?
3151 575 3274 646 Haec
3349 575 3598 628 ﬁdelibus

363 665 666 736 προῦθηκε.
697 665 806 718 Καὶ
856 664 1011 718 τοῦτο
1035 665 1098 736 δὴ
1131 665 1190 717 τδ
1217 665 1424 735 ψυχρὸν
1452 665 1512 717 τὸ
1559 665 1706 734 ἐμόν
1729 683 1795 753 ατε
1839 666 1933 718 καὶ

2089 668 2219 722 nnia
2259 669 2572 723 communia
2627 644 2861 724 reddidit
2889 676 2942 722 et
2978 644 3230 738 frigidum
3300 667 3428 721 illud
3478 683 3601 720 ver-

361 756 479 810 σὸν
499 757 602 824 τῆς
631 773 692 810 τε
724 755 970 826 γλώττης
1011 759 1106 810 καὶ.
1145 757 1368 826 γνώμης
1397 757 1618 822 ἐξεῖλεν.
1650 757 1795 828 Αὕτη
1831 775 1935 810 πα-

2089 776 2195 822 um,
2225 776 2397 815 meum
2421 769 2471 814 et
2507 770 2650 814 tuum
2677 771 2731 816 et
2761 777 2824 815 ex
2860 775 2955 814 ore
2981 769 3034 813 et
3062 775 3125 814 ex
3171 767 3348 812 mente
3376 759 3598 812 exemit.

365 849 769 919 ραθεωρεῖσθαι
803 850 903 913 τὰς
935 851 1112 920 χήρας
1152 850 1254 919 ούχ
1291 850 1365 913 ὡς
1396 850 1620 903 ἀνεκτὸν
1665 852 1932 920 ἧνεγκενο

2089 867 2163 906 rec
2202 852 2400 916 effecit,
2435 861 2494 906 ut
2541 852 2828 907 viduarum
2895 853 3170 920 neglectos
3205 860 3259 906 et
3317 851 3604 918 despectus

364 942 504 1012 αὕτη
551 943 824 1009 Στέφανον
851 941 1100 1003 καὶτοὺς
1149 941 1206 1008 ἓξ
1241 943 1321 1004 είς
1359 943 1633 996 διακονίαν
1663 942 1935 1012 ἐχειροτό-

2089 938 2400 998 dolet-altilis
2423 954 2759 999 censeretur.
2820 942 2943 997 Haec
2979 944 3315 1012 Stephanum
3344 957 3470 996 cum
3510 956 3604 996 sex

365 1049 496 1102 νησε
519 1049 533 1063 ·
567 1031 770 1099 ταύτης
819 1031 983 1101 ἔργον
1018 1033 1077 1083 τὸ
1108 1031 1194 1084 διὰ
1247 1032 1466 1086 Παύλου
1518 1033 1784 1102 σταλῆναι
1827 1035 1938 1094 τοῖς

2089 1035 2266 1104 )llcgis
2297 1035 2558 1091 diaconos
2593 1033 2815 1090 creavit.
2878 1034 3002 1089 lirec
3046 1033 3250 1096 eﬂeeit,
3305 1041 3364 1087 ut
3421 1032 3606 1102 egenis

367 1125 510 1176 κατά
561 1123 660 1195 τὴν
729 1125 992 1177 Ἰουδαίαν
1049 1124 1322 1191 ἀδελφοῖς,
1383 1124 1571 1178 καθότι
1621 1124 1686 1178 ἂν
1733 1121 1813 1185 εἷς
1859 1141 1940 1187 τις

2089 1147 2096 1183 l
2131 1129 2316 1185 Judma
2353 1128 2616 1184 fratribus
2644 1143 2740 1198 per
2787 1127 3016 1182 Paulum
3069 1126 3367 1182 subsidium
3426 1123 3608 1178 mitte-

375 1215 606 1280 ’ἕκαστος
639 1216 934 1286 ηὐπορεῖτο
963 1215 1072 1268 τῶν
1116 1218 1373 1287 μαθητῶν
1393 1233 1406 1248 °
1447 1217 1656 1283 ταύτην
1703 1218 1795 1270 καὶ
1822 1219 1942 1278 ταῖς

2089 1231 2217 1282 :tur,
2251 1235 2351 1290 pro
2386 1221 2544 1288 copia
2579 1232 2633 1275 et
2699 1219 3048 1274 facultatibus
3114 1217 3455 1287 singulorum
3522 1214 3605 1267 di-

375 1309 483 1362 τῶν
507 1310 680 1362 ἄλλων
702 1309 1052 1378 ἐγχαράττων
1071 1312 1096 1362 ὁ
1115 1309 1322 1371 Παῦλος
1337 1307 1699 1378 ψυχαῖς,ταῖς
1717 1309 1941 1377 χρείαις

2089 1314 2400 1382 :ipulorum.
2432 1315 2585 1368 Hanc
2609 1313 2839 1366 aliorum
2874 1325 3092 1381 quoque
3115 1310 3386 1364 mentibus
3412 1307 3610 1360 Paulus

371 1421 490 1471 μου
517 1402 610 1456 καὶ
633 1401 752 1467 τοῖς
768 1401 906 1456 οὖσι
927 1403 1052 1470 μετ’
1072 1401 1218 1470 ἐμοῦ
1241 1399 1703 1469 ὑπηρέτησαναί
1729 1401 1941 1469 χεῖρες,

2089 1409 2358 1479 tsculpere
2423 1408 2647 1472 volens,
2700 1408 2953 1462 dicebat:
3009 1405 3090 1459 Ad
3140 1421 3259 1476 qua:
3307 1402 3435 1455 mihi
3482 1418 3612 1470 opus

377 1495 492 1568 ἕλει
507 1511 586 1557 εν,
627 1488 821 1549 αὗται.
859 1493 996 1555 Τοὺς
1027 1492 1205 1545 τοίνυν
1231 1491 1372 1546 οὕτω
1409 1493 1508 1561 μὲν
1550 1493 1762 1562 ψυχῶν,
1805 1492 1947 1546 οὕτω

2089 1509 2222 1563 rant,
2287 1500 2478 1563 eti/tis,
2537 1501 2626 1570 qui
2696 1515 2897 1554 mecum
2969 1507 3111 1562 sunt,
3183 1495 3615 1550 ministraveruut

377 1583 433 1637 δὲ
465 1585 760 1651 σωμάτων,
805 1581 950 1636 οὕτω
983 1583 1042 1637 δὲ
1070 1582 1180 1635 τῶν
1212 1583 1367 1647 ἐκτὸς
1401 1584 1707 1652 φροντίζειν
1742 1582 1948 1652 προθύο

2089 1607 2249 1645 ianus.
2293 1593 2410 1646 ista:
2439 1591 2505 1646 ’⁵.
2540 1589 2645 1645 Eos
2691 1591 2875 1663 igitur,
2912 1591 3005 1659 qui
3060 1599 3164 1643 tam
3214 1588 3421 1642 alacres
3450 1584 3619 1640 exsti-

385 1694 517 1746 μους
565 1677 746 1740 ὄντας,
799 1676 874 1739 ὡς
915 1674 1142 1743 μηδενὸς
1171 1675 1275 1728 τῶν
1321 1674 1358 1729 ἆ
1392 1675 1488 1727 καὶ
1522 1673 1590 1727 δι’
1633 1667 1707 1726 ὧν
1738 1673 1852 1725 ἐστί
1891 1690 1947 1724 τε

2089 1700 2171 1739 ere
2233 1685 2287 1739 in
2353 1700 2485 1739 cura
2553 1685 2882 1747 animarum,

2946 1697 3258 1752 corporum,
3319 1693 3618 1746 rerumque

383 1769 476 1822 καὶ
500 1767 842 1836 διαγίγνεται
896 1766 1206 1836 ἄνθρωπος,
1239 1765 1485 1835 ἀμελεῖν,
1520 1765 1614 1818 καὶ
1651 1765 1785 1834 πρὸς
1826 1761 1949 1816 τού-

2089 1786 2426 1838 xtrrnarum,
2482 1776 2556 1830 ita
2594 1785 2652 1828 ut
2713 1776 2847 1830 nihil
2902 1789 3115 1839 eorum,
3171 1787 3268 1842 per
3304 1787 3422 1840 quae
3459 1771 3618 1824 homo

381 1877 494 1921 τοις
522 1861 650 1912 εῐσω
684 1862 785 1929 τῆς
821 1859 1029 1921 οἰκείας
1076 1858 1435 1928 ποιουμένους
1472 1858 1752 1930 φροντίδος
1797 1859 1948 1928 ἔθνη,

389 1948 597 2011 πόλεις,
643 1948 856 2018 κώμας,
910 1948 1116 2018 ἀγροὺς
1167 1949 1294 2013 τοὺς
1349 1947 1688 2002 καθέκαστον
1745 1949 1954 2011 πάντας

383 2040 592 2103 ἁπλῶς,
623 2042 692 2093 τά
744 2057 802 2094 τε
849 2040 986 2095 ἄλλα
1036 2042 1301 2105 τοιούτοις
1339 2042 1415 2105 ὡς
1466 2042 1557 2095 ἀεὶ
1588 2043 1648 2094 τὸ
1699 2040 1955 2110 δεύτερον

388 2132 512 2196 περὶ
543 2131 744 2196 αὐτῶν,
778 2131 958 2202 ῥηθὲν,
993 2134 1242 2202 κρεῖττον
1286 2132 1381 2185 τοῦ
1434 2131 1800 2203 προλαϐόντος
1857 2131 1946 2184 δο-

390 2225 528 2288 κεῖν,
568 2223 733 2276 πόσον
761 2241 844 2287 τις
868 2225 1209 2278 ἐπαινεῖσθαι
1236 2225 1362 2287 τοὺς
1403 2224 1469 2279 ἂν
1500 2223 1692 2295 πόρρω
1727 2241 1832 2276 που
1860 2221 1956 2276 τοῦ

394 2317 529 2380 πρδς
571 2316 728 2381 ἀξίαν
775 2317 1080 2386 εὑρίσκοιτο
1115 2319 1216 2370 ἐτι.
1252 2318 1429 2387 Μέχρι
1487 2317 1587 2386 μὲν
1643 2315 1708 2386 δὴ
1753 2315 1961 2370 τούτων

395 2406 588 2473 ταῦτα,
618 2408 713 2461 καὶ
745 2410 858 2470 τοῖς
895 2407 1142 2477 φιλοῦσιν
1174 2407 1381 2462 ἕκαστα
1412 2409 1643 2480 ἱστορεῖν
1665 2408 1962 2480 σύνδρομον

395 2501 461 2570 τῇ
489 2499 716 2571 ἀληθείᾳ
746 2501 839 2552 καὶ
865 2499 926 2552 τὸ
951 2499 1136 2570 θαῦμα
1173 2499 1552 2570 προτείνοντα.

470 2681 679 2751 Καιρδς
719 2680 773 2734 δὲ
810 2680 908 2751 ἤδη
941 2653 1035 2735 καὶ
1065 2683 1132 2754 ἣν
1166 2682 1216 2735 oi
1258 2683 1546 2737 ἀπόστολοι
1576 2682 1736 2755 χάριν
1769 2685 1965 2739 ἐπλού-

397 2787 522 2822 τουν
557 2770 650 2823 τοῦ
687 2771 1026 2839 Πνεὺματος,
1061 2771 1294 2835 καὶτοῖς
1325 2773 1506 2836 ἄλλοις
1537 2773 1778 2843 δαψιλῶς
1803 2792 1970 2844 μετα-

400 2865 606 2917 διδόναι
651 2859 818 2934 εἴχον,
864 2865 1057 2925 εἰπεῖν.
1086 2864 1224 2932 ὅπερ
1279 2864 1377 2934 οὐχ
1419 2866 1570 2928 ὅπως
1617 2869 1742 2936 σιγῇ
1775 2884 1859 2930 τις
1905 2867 1970 2920 ἂν

405 2957 614 3028 παριὼν
664 2956 842 3010 αἰτίαν
891 2955 1196 3024 λαμϐάνοι,
1256 2957 1371 3010 ἀλλ’
1420 2960 1466 3011 εἰ
1524 2957 1600 3030 μὴ
1646 2960 1740 3012 καὶ
1769 2960 1831 3011 ἐκ
1863 2961 1972 3014 τῶν

406 3055 634 3106 ἐνόντων
668 3053 940 3122 ἐπαινοίη,
971 3052 1231 3123 ἀσχολίαν
1271 3052 1439 3122 ἀλλην
1490 3052 1710 3106 ἅπασαν
1742 3051 1970 3116 ἀνελὼν,

2056 1874 2138 1920 cst
2185 1874 2239 1920 et
2287 1864 2553 1930 subsiSIit,
2609 1865 2916 1918 incuratum
2947 1864 3331 1931 relinquerent,
3380 1869 3433 1911 et
3479 1873 3616 1923 prm-

2057 1967 2203 2013 terea
2238 1973 2390 2013 suam
2431 1958 2484 2012 in
2525 1973 2706 2012 curam
2747 1957 3052 2026 reciperent
3080 1965 3287 2024 gentes.
3343 1954 3615 2008 civitates.

2056 2051 2231 2114 vicos,
2281 2064 2444 2120 agros
2497 2064 2592 2103 seu
2643 2049 2917 2103 territoria
2975 2048 3184 2117 singula
3222 2055 3275 2100 et
3313 2045 3519 2107 omnia,
3569 2054 3624 2098 et

2062 2144 2146 2198 his
2189 2143 2413 2206 similia,
2464 2154 2522 2196 ut
2555 2141 2699 2212 quod
2731 2141 2972 2197 secundo
3011 2141 3130 2194 loco
3159 2139 3225 2194 de
3263 2139 3366 2193 illis
3424 2137 3625 2190 dicitur

2063 2235 2256 2289 melius
2319 2235 2572 2290 videatur
2603 2249 2692 2296 eo,
2741 2234 2882 2304 quod
2937 2233 3274 2296 antecessit;
3335 2238 3626 2299 quantum-

2063 2340 2280 2396 cunque
2309 2327 2435 2396 quis
2505 2327 2829 2389 laudaverit,
2865 2341 2971 2379 nun
3011 2325 3200 2394 procul
3262 2321 3332 2376 ab
3358 2336 3424 2375 eo
3479 2321 3624 2389 quod

2063 2437 2129 2474 ex
2199 2418 2466 2487 dignitate
2518 2425 2622 2482 est,
2671 2416 2864 2470 abesse
2920 2413 3307 2483 iudicabitury
3354 2409 3629 2465 Hactenus

2067 2511 2166 2564 ista
2209 2508 2571 2563 admiratione
2610 2506 2772 2574 digna
2815 2507 2868 2562 in
2927 2507 3156 2576 gratiam
3214 2503 3512 2559 amantium
3542 2517 3632 2554 ve-

2070 2601 2283 2655 ritatem
2321 2599 2708 2654 convenienter
2727 2597 2998 2668 explicare
3025 2598 3230 2652 studui.

2147 2693 2382 2764 Tempus
2419 2707 2569 2747 nunc
2630 2692 2795 2746 luerit
2826 2691 2986 2746 etiam
3024 2691 3092 2744 de
3147 2687 3318 2759 gratia
3377 2685 3631 2756 Spiritus,

2070 2802 2174 2855 qua
2209 2783 2439 2854 apostoli
2477 2781 2846 2844 abundabant,
2901 2781 3130 2850 aliisque
3163 2795 3224 2835 se
3257 2779 3481 2846 largiter
3531 2777 3639 2830 im-

2071 2877 2403 2946 pertiebant,
2435 2875 2732 2936 disserere.
2773 2883 2825 2928 et
2862 2873 2965 2936 hoc
2995 2889 3124 2935 non,
3167 2881 3226 2925 ut
3259 2870 3306 2926 si
3360 2869 3487 2938 quis
3515 2882 3636 2920 eam

2075 2970 2291 3024 silentio
2323 2974 2633 3039 praetereat,
2657 2965 2873 3036 culpam
2922 2965 3205 3020 contrahat
3235 2981 3249 3027 ;
3297 2963 3394 3017 sed
3429 2969 3489 3015 ut
3532 2959 3636 3013 nisi

2076 3063 2298 3135 praecisa
2357 3061 2508 3116 omni
2559 3060 2662 3113 alia
2707 3059 3086 3128 occupatione,
3146 3063 3200 3112 et
3259 3053 3510 3126 praesenti
3560 3069 3644 3105 re-

407 3145 467 3198 οὔ
505 3164 594 3215 μοι
625 3146 772 3199 δοκεῖ
800 3145 964 3215 ἔχειν,
994 3147 1143 3208 ὅπως
1180 3146 1245 3199 ἂν
1274 3145 1374 3215 τὴν
1404 3145 1495 3198 ἐπὶ
1524 3144 1697 3213 τούτῳ
1732 3162 1970 3214 κατηγο-

2089 3171 2193 3210 ἰιιη
2248 3154 2402 3224 copia
2459 3153 2820 3209 laudationem
2873 3158 3169 3210 contexat,
3243 3148 3296 3201 in
3357 3145 3645 3200 inevitabi-

412 3236 532 3306 ρίαν
583 3238 831 3306 ἐκφύγοι.
881 3232 987 3290 Ἦν
1033 3238 1080 3292 δ’
1130 3237 1278 3307 ὅμως
1313 3238 1488 3290 εἰπεῖν
1541 3237 1615 3308 μὴ
1663 3236 1842 3306 πολλῷ
1873 3237 1970 3304 τῆς

413 3328 567 3394 ἀξίας
619 3329 1068 3397 καταδεέστερον,
1118 3327 1173 3381 εί
1201 3345 1287 3391 τις
1333 3328 1431 3398 τῆς
1478 3329 1703 3381 ἐκείνων
1751 3328 1972 3397 χάριτος

418 3421 664 3489 μετέχειν
695 3420 842 3489 ἐξῆν.
875 3420 987 3474 Νῦν
1013 3420 1070 3474 δέ
1110 3438 1200 3489 μοι
1231 3419 1534 3473 κινδυνεύει
1558 3418 1738 3472 λαλεῖν
1761 3419 1788 3470 ὁ
1817 3418 1974 3486 λόγος

415 3515 484 3566 τὰ
515 3513 606 3564 τοῦ
635 3513 942 3582 πνεύματος
971 3516 1137 3583 χωρὶς
1161 3512 1491 3581 πνεύματος.
1516 3511 1612 3564 καὶ
1635 3513 1747 3574 τοῖς
1767 3512 1977 3578 ἀκροω·

425 3608 602 3676 μένοις
630 3608 726 3675 οὐχ
757 3607 880 3658 ὅσον
929 3605 1044 3657 ἐστι
1088 3605 1432 3674 βουλομένοις
1467 3603 1700 3656 ἀκοῦσαι
1727 3601 1979 3655 τοσοῦτον

424 3701 599 3751 εἰπεῖν
627 3698 938 3767 δυνηθῆναι.
987 3697 1126 3750 Ἀλλ’
1158 3699 1280 3751 ἐπεὶ
1313 3697 1448 3768 μηδὲ
1478 3695 1635 3750 τοῦτο
1663 3713 1746 3758 τις
1777 3696 1838 3748 τὸ
1872 3696 1981 3764 μὲ-

427 3808 520 3863 ρος
570 3792 922 3858 ἀνεξέταστον
980 3789 1268 3860 παρελθεῖν
1317 3789 1623 3857 ἐπιτρέπει,
1673 3787 1902 3857 λέγομεν
1948 3786 1983 3840 ἃ.

425 3885 490 3937 ἂν
544 3885 677 3953 ἡμῖν
731 3882 1019 3946 δεηθείσιν,
1067 3881 1198 3936 αὐτὸ
1238 3880 1313 3949 δῷ
1370 3878 1612 3948 Πνεῦμα.
1653 3879 1726 3931 Τό
1774 3895 1832 3932 τε
1874 3881 1984 3947 γὶρ

427 3977 594 4046 μηδὲν
624 3976 760 4036 ὅλως
797 3976 970 4027 εἰπεῖν
999 3973 1194 4029 οὔκουν
1227 3971 1531 4042 εὔγνωμον,
1562 3971 1656 4024 καὶ
1692 3971 1754 4023 τὸ
1785 3968 1861 4040 μὴ
1887 3973 1983 4024 σὺν

405 4069 696 4148 εὐλαϐείᾳ,
725 4069 1079 4140 θρασύτερον.

2078 3250 2216 3312 lem,
2272 3247 2477 3317 judicio
2547 3261 2703 3309 meo,
2755 3244 3228 3314 reprehensionem
3314 3238 3642 3293 incursuros

2079 3342 2170 3396 sit.
2230 3339 2294 3393 Et
2353 3337 2465 3392 ﬁeri
2529 3336 2745 3405 poterit,
2825 3344 2885 3389 ut
2953 3334 3077 3404 quis
3141 3333 3312 3401 gratia
3380 3330 3468 3382 illa
3531 3343 3646 3382 co:-

2083 3431 2202 3484 lcsti
2263 3428 2526 3499 praeditus
2584 3442 2690 3481 non
2774 3425 2947 3479 multo
3006 3423 3264 3486 inferius,
3329 3435 3490 3489 quam
3555 3433 3647 3469 ar-

2084 3528 2402 3591 gumentum
2471 3527 2764 3581 mereatur,
2826 3515 2993 3570 dicat.
3063 3511 3191 3566 Mihi
3247 3520 3426 3566 autem
3502 3523 3648 3562 nunc

2087 3611 2383 3682 periculum
2451 3610 2714 3672 imminet,
2801 3615 2984 3677 utpote
3051 3605 3142 3674 qui
3229 3619 3352 3673 qua:
3419 3601 3658 3669 spiritus

2087 3710 2234 3767 sunt,
2263 3700 2469 3770 absque
2515 3698 2706 3768 spiritu
2755 3697 2934 3766 eloqui
2990 3704 3215 3757 tentem,
3273 3708 3371 3747 nec
3428 3691 3644 3745 a'udito-

2088 3809 2209 3848 rum
2256 3793 2481 3848 incenso
2513 3789 2784 3845 desiderio
2830 3787 3142 3843 satisfacere
3172 3785 3398 3840 valeam.
3451 3783 3648 3838 Verum

2090 3895 2213 3935 cum
2267 3894 2442 3948 neque
2495 3879 2637 3934 hanc
2689 3885 2894 3948 partem
2954 3875 3214 3930 intactam
3273 3873 3653 3942 praetervolare

2094 3975 2480 4043 permittatur,
2537 3986 2598 4028 ea
2677 3969 3004 4032 aﬂ‘eremus,
3069 3985 3188 4039 qua:
3251 3968 3367 4038 ipse
3423 3966 3655 4035 Spiritus

2096 4062 2586 4132 suppeditaverit:
2655 4075 2778 4115 nam
2870 4060 3087 4128 penitus
3162 4059 3362 4121 silere.
3442 4057 3654 4111 veniam

426 4179 531 4218 non
598 4174 855 4227 meretur,
915 4170 970 4217 et
1018 4161 1136 4216 sine
1189 4159 1373 4216 debita
1463 4156 1764 4214 reverentia
1822 4154 2042 4211 dicendi
2131 4155 2463 4224 provinciam
2540 4153 2859 4222 suscipere,
2941 4149 3167 4206 audacia
3241 4149 3383 4204 haud
3460 4145 3656 4218 injuria

434 4257 747 4323 deputatur.

497 4349 612 4418 Τὴν
641 4349 801 4416 χάριν
831 4343 924 4398 τοῦ
967 4343 1284 4414 Πνεύματος
1311 4343 1402 4396 καὶ
1432 4342 1562 4412 πρὶν
1609 4345 1691 4406 είς
1730 4339 1995 4412 οὐρανοὺς

429 4440 673 4493 ἀνελθεῖν
702 4438 938 4507 Χριστὸς
975 4439 1086 4499 τοῖς
1137 4435 1460 4498 ἀποστόλοις
1487 4433 1862 4504 δεδωρημένος
1904 4447 1994 4499 γι-

429 4533 698 4583 νώσκεται
731 4530 824 4582 καὶ
860 4528 1192 4589 πιστεύεται,
1227 4527 1322 4579 καὶ
1359 4527 1448 4579 τὸν
1493 4525 1854 4595 Παράκλητον
1895 4523 1994 4575 αὐ-

431 4625 524 4674 τζν
559 4622 694 4690 μετά
724 4621 821 4689 τὴν
855 4622 932 4683 είς
964 4620 1228 4686 οὐρανοὺς
1250 4617 1436 4672 ἄνοδον
1466 4618 1786 4672 ἀποστελεῖν
1820 4617 1994 4681 ἐπηγ-

434 4712 675 4779 γείλατο.
734 4709 899 4761 Οὐδὲν
953 4708 1064 4778 γάρ
1114 4707 1304 4760 καθότι
1365 4708 1438 4777 μὴ
1489 4707 1680 4760 τούτου
1735 4706 1997 4775 παρεῖχον

435 4804 620 4867 ἀξίους
666 4802 894 4862 ἑαυτοὺς
928 4791 1070 4853 οὗτοι
1103 4800 1197 4852 καὶ
1229 4797 1397 4868 σκεύη
1445 4800 1580 4868 πρὸς
1611 4797 1880 4866 ὑποδοχὴν
1909 4797 1998 4848 εύ-

434 4897 751 4967 ψυχέστατα
773 4908 786 4922 ⁶
823 4895 948 4955 τοὺς
988 4893 1095 4963 γὰρ
1125 4893 1201 4963 τῷ
1228 4891 1344 4960 Θεῷ
1377 4891 1534 4960 Λόγῳ
1566 4888 1998 4958 συμπολιτευσα·

441 4991 633 5059 μένους
666 4986 940 5039 πολιτείαν
970 4985 1206 5056 ἐκείνην,
1241 4980 1309 5056 ἧς
1341 4983 1515 5043 οὐδεὶς
1542 4983 1648 5034 τῶν
1681 4981 1774 5034 ἀπ’
1804 4981 2000 5044 αἰῶνος

357 5138 359 5140 ,
440 5081 933 5151 εὐδαιμονεστέραν
957 5077 1366 5140 ἐπολιτεύσατο,
1390 5076 1482 5129 καὶ
1506 5075 1722 5144 νύκτωρ
1759 5075 1851 5126 καὶ
1884 5073 2004 5142 μεθ’

440 5173 652 5244 ἡμέραν
680 5172 1100 5239 συγγεγονότας,
1147 5168 1334 5221 λοιπὸν
1363 5163 1431 5237 ἦν
1464 5167 1558 5219 καὶ
1595 5164 1686 5218 τοῦ
1723 5164 2008 5235 συμφυοῦς

443 5265 591 5335 αὐτῷ
624 5265 717 5317 καὶ
745 5265 1010 5333 ὁμοτίμου
1056 5261 1375 5329 Πνεύματος
1412 5259 1594 5326 δοχεῖα
1627 5257 1907 5321 γενέσθαι.
1949 5256 2009 5309 ὐ

448 5359 547 5428 μὲν
572 5353 666 5411 οὖν
704 5356 884 5410 αὐτῶν
913 5355 1008 5426 τὴν
1048 5354 1230 5409 πίστιν
1268 5351 1463 5414 τελέως
1501 5352 1577 5412 είς
1609 5349 1841 5417 δεκάτην
1873 5348 2010 5417 μετά

443 5452 542 5521 τὴν
600 5449 867 5518 ἀνάληψιν
924 5448 1138 5518 ἡμέραν
1186 5444 1516 5515 ἐγύμνασεν.
1579 5441 1732 5494 Ἐπεὶ
1776 5441 1830 5493 δὲ
1867 5441 2003 5508 μήτε

443 5547 611 5613 γυρὶς
649 5545 826 5610 φωτὸς
871 5541 1022 5612 ἥλιον
1074 5541 1224 5594 ἐστιν
1268 5540 1416 5599 ἰδεῖν,
1453 5536 1525 5606 μή
1565 5551 1624 5586 τε
1655 5533 1788 5585 Θεὸν
1819 5533 2010 5600 νοῆσαι

448 5635 568 5706 δ’χα
600 5635 694 5688 τοῦ
743 5635 1054 5706 ἀληθεύειν,
1103 5633 1286 5703 παρῆν
1339 5631 1369 5700 ἡ
1418 5625 1728 5699 προθεσμία
1777 5624 2014 5678 καὶτῶν

523 5815 563 5844 ’⁸
592 5814 710 5867 Act.
751 5829 838 5874 xx,
871 5810 957 5862 Si.

2167 4337 2470 4398 Christum,
2512 4331 2678 4386 etiam
2717 4338 2842 4383 ante
2893 4323 3268 4382 ascensionem
3329 4325 3380 4378 in
3433 4323 3679 4379 caelum»-

2095 4426 2322 4500 gratiam
2357 4422 2596 4494 Spiritus
2649 4419 2931 4488 discipulis
2973 4417 3089 4473 suis
3130 4415 3363 4483 dedisse,
3408 4415 3660 4469 novimus

2095 4529 2149 4575 et
2181 4517 2480 4582 credimus,
2538 4514 2826 4584 ipsumque
2875 4509 3216 4566 Paraclctum
3247 4517 3372 4578 post
3430 4507 3662 4562 reditum

2102 4613 2155 4666 in
2190 4609 2386 4665 caelum
2417 4622 2476 4660 se
2530 4606 2609 4660 eis
2643 4605 2940 4659 missurum
3001 4601 3290 4672 promisit;
3351 4615 3453 4655 nec
3507 4601 3667 4669 quid-

2106 4715 2268 4771 quam
2302 4696 2571 4753 obstaculi
2620 4693 2970 4764 objiciebant,
3017 4708 3123 4762 quo
3172 4691 3357 4745 minus
3397 4705 3466 4771 eo
3518 4689 3666 4759 digni

2106 4767 2316 4847 tierent.
2370 4788 2486 4843 [mo
2543 4785 2894 4854 suscipiendo
2926 4783 3152 4852 Spiritui
3209 4767 3493 4852 aptissima
3535 4795 3666 4834 vasa

2105 4894 2304 4951 erant;
2357 4897 2480 4937 nam
2518 4880 2612 4951 qui
2669 4893 2800 4934 cum-
2829 4875 2922 4932 Dei
2960 4873 3144 4931 Verbo
3183 4890 3302 4929 eam
3348 4877 3471 4927 vita:
3502 4873 3670 4926 ratio-

2109 4992 2229 5032 nem
2285 4976 2542 5038 inierant,
2586 4970 2814 5042 qualisa
2845 4969 3066 5024 condito
3111 4966 3312 5022 mundo
3371 4965 3520 5020 nulla
3577 4979 3669 5018 ex-

2103 5067 2264 5132 stitit,
2324 5067 2528 5137 quique
2557 5077 2680 5118 cum
2719 5062 2908 5117 eodem
2957 5058 3138 5115 Verbo
3201 5058 3319 5113 dies
3378 5067 3672 5122 noctesque

2107 5160 2306 5216 versati
2340 5158 2575 5220 fuerant,
2630 5169 2728 5210 eos
2786 5152 3075 5222 Oportebat
3134 5150 3371 5217 Spiritus
3424 5147 3668 5216 ejusdem

2107 5269 2230 5309 cum
2259 5251 2441 5306 Verbo
2493 5255 2724 5311 naturae,
2787 5243 3035 5307 honoris,
3073 5250 3128 5296 et
3168 5239 3448 5310 dignitatis
3509 5251 3670 5305 (piam

2110 5345 2346 5399 maxime
2373 5343 2569 5397 idonea
2611 5336 2956 5408 receptacula
2989 5334 3152 5390 elIici.
3189 5333 3290 5398 Qui
3325 5340 3445 5401 post
3484 5344 3677 5383 ascen-

2111 5439 2318 5492 sionem
2351 5447 2506 5489 suam
2545 5444 2641 5501 per
2673 5429 2794 5484 dies
2820 5428 3007 5482 decem
3069 5439 3256 5479 eorum
3295 5422 3454 5476 ﬁdem
3511 5435 3677 5474 accu-

2119 5540 2235 5586 rate
2283 5525 2551 5582 excrcuit.
2618 5521 2910 5591 Postquam
2965 5533 3096 5572 vero
3154 5532 3328 5584 neque
3385 5515 3504 5569 sine
3561 5513 3678 5566 lucc

2127 5621 2295 5676 solem
2320 5616 2502 5671 videre
2527 5614 2678 5679 licet,
2705 5625 2880 5681 neque
2914 5609 3079 5664 Deum
3131 5606 3437 5674 intelligere
3471 5605 3678 5674 alisque
