3992 6210
359 308 497 374 ῙΟᾎΊ

1325 308 1734 371 ENCOMIUM
1768 310 1869 373 SS.
1905 306 2134 373 PETRI
2177 311 2271 374 ET
2308 310 2565 375 PAULI.

3478 312 3612 381 107$

361 443 521 495 χάρις
555 421 739 484 αὐτοῖς
775 423 1077 495 ἠλαττοῦτο
1107 427 1171 495 τῇ
1209 426 1514 493 μεταδόσει.
1551 427 1677 490 Πῶς
1708 428 1816 497 γὰρ
1850 429 1949 481 οὐκ

2059 440 2299 501 tempore
2331 438 2604 492 restaret;
2640 441 2815 499 neque
2838 428 2983 483 enim
3013 439 3234 499 accepta
3286 432 3455 499 gratia
3509 432 3613 484 mi-

356 516 581 581 ἄτοπον,
612 517 707 570 καὶ
738 517 909 583 πυρὸς
942 516 1163 569 ἔλαττον
1194 514 1381 569 ὑλικοῦ
1410 517 1510 585 τὴν
1535 518 1696 588 χάριν
1722 517 1935 572 οῖεσθαι

358 608 453 661 τοῦ
489 607 804 674 Πνεύματος
834 609 1247 680 ἀποφέρεσθαις
1306 611 1399 662 καὶ
1438 610 1667 680 σμικρὸν
1700 610 1801 680 μὲν
1844 610 1936 663 λύ-

361 714 491 768 χνον
526 698 694 767 μηδὲν
743 699 875 769 περὶ
917 698 978 749 τὸ
1005 702 1207 752 οἰκεῖον
1236 699 1352 767 φῶς
1406 700 1811 765 κινδυνεύοντα,
1845 702 1938 753 καὶ

362 787 540 857 πολλῷ
573 788 789 857 μείζους
822 789 1021 841 ἐαυτοῦ
1053 789 1319 858 καμίνους
1348 790 1610 843 ἀνάπτειν
1639 790 1935 844 δύνασθαι⁹

358 880 564 949 ταύτην
598 882 677 945 δὲ,
704 883 753 935 εί
790 884 972 951 μήπου
1021 882 1351 952 πενέστερον
1399 883 1558 937 ἀλλον
1603 884 1939 947 ἀποδείξειεν

361 971 585 1037 ἐαυτοῦ,
619 972 695 1043 μὴ
742 974 883 1027 πάνυ
934 991 991 1025 τε
1025 972 1339 1037 πλουτίζειν
1372 972 1561 1045 ἕτερον
1598 976 1936 1043 πεφυκέναι;

438 1242 669 1309 Ἔμοιγε
705 1241 893 1311 μέντοι
927 1241 1077 1295 δοκεῖ
1107 1242 1202 1295 καὶ
1230 1241 1402 1297 πλείω
1433 1241 1639 1313 ταύτην
1660 1242 1753 1296 τὸν
1782 1259 1945 1313 μετα-

365 1331 579 1384 διδόντα
606 1333 1055 1402 προσλαμϐάνειν
1085 1334 1193 1398 ἀεὶ,
1226 1331 1282 1385 εἴ
1306 1349 1389 1395 τις
1417 1329 1525 1385 οἶδε
1560 1333 1652 1386 καὶ
1676 1333 1745 1386 τὰ
1770 1336 1946 1387 ἀπαν-

362 1420 639 1491 τλούμενα
706 1424 918 1493 φρέατα
980 1421 1291 1493 γλυκύτερα
1349 1420 1622 1491 γενόμενα
1682 1423 1942 1476 ἐαυτῶν’

367 1516 668 1586 φιλόδωρον
689 1518 799 1587 γάρ
826 1534 907 1569 τοι
933 1517 992 1569 τὸ
1018 1516 1165 1570 θεῖον
1194 1519 1288 1569 καὶ
1316 1515 1545 1583 ἀγαθὸν,
1577 1515 1670 1568 καὶ
1689 1515 1944 1582 ἄφθονον,

366 1608 461 1659 καὶ
513 1608 780 1670 ἀνενδεές,
812 1609 903 1661 καὶ
936 1610 983 1660 εί
1019 1608 1344 1677 θαυμαστὴν
1389 1605 1532 1660 οὕτω
1580 1608 1753 1678 πυρὸς
1785 1608 1947 1676 φύσιν

365 1694 718 1765 δημιουργεῖν
747 1697 880 1765 ἔχει,
910 1698 963 1749 τί
996 1697 1061 1749 ἂν
1092 1698 1418 1767 εἰκάσαιμεν
1450 1697 1581 1750 αὐτὸ
1602 1698 1903 1764 πεφυκέναι
1929 1716 1946 1763 ;

2039 522 2318 577 nuebatur
2379 522 2876 577 communicatione
2951 536 3074 575 cum
3130 520 3274 576 aliis.
3329 521 3616 587 Quomodo

2039 616 2184 671 enim
2241 615 2537 669 absurdum
2582 628 2690 668 non
2744 612 2951 678 fuerit,
3012 613 3325 670 existimare
3387 618 3616 684 gratiam

2040 703 2276 773 Spiritus
2312 705 2596 759 deterioris
2646 702 2973 758 conditionis
3003 705 3161 765 esse',
3219 719 3381 773 quam
3437 704 3607 774 igneo:

2040 794 2402 859 materialem;
2435 805 2491 849 et
2549 795 2798 863 exiguam
2851 794 3067 863 quidem
3117 794 3423 860 lucernam,
3468 795 3613 848 nulla

2042 884 2246 955 proprii
2280 885 2503 939 luminis
2528 883 2741 952 jactura
2773 886 2937 949 facta,
2971 885 3143 939 multo
3169 886 3401 952 majores
3436 885 3619 939 forna-

2043 990 2133 1030 ces
2172 975 2504 1031 succendere
2532 1013 2547 1038 ,
2606 977 2742 1028 banc
2785 980 2934 1039 vero,
2985 976 3030 1029 si
3065 977 3117 1030 in
3155 977 3389 1047 aliquem
3447 991 3618 1043 egen-

2044 1068 2236 1122 tiorem
2301 1068 2574 1135 inciderit,
2625 1083 2747 1123 eum
2831 1068 3051 1139 largiter
3106 1070 3433 1137 locupletare
3510 1084 3618 1122 non

2045 1174 2209 1230 posse
2233 1160 2257 1211 ?

2114 1248 2279 1320 Atqui
2321 1264 2419 1321 ego
2471 1250 2544 1304 ita
2602 1250 2815 1319 judico,
2886 1265 3011 1306 eum
3059 1252 3149 1320 qni
3202 1254 3430 1316 gratiam
3494 1268 3617 1304 cum

2048 1342 2220 1396 altero
2250 1342 2645 1406 communicat,
2678 1358 2892 1412 semper
2927 1344 3292 1411 copiosiorem
3349 1345 3618 1412 accipere,

2049 1434 2208 1503 idque
2238 1430 2517 1499 fatebitur,
2546 1435 2631 1488 cui
2683 1444 3021 1502 compertum
3068 1443 3175 1497 est,
3230 1445 3435 1502 puteos
3486 1438 3619 1489 hau-

2050 1534 2166 1581 stos
2212 1525 2484 1579 dulciores
2536 1526 2730 1594 seipsis
2773 1526 2943 1580 reddi.
2981 1526 3235 1580 Divinum
3292 1529 3436 1581 enim
3510 1527 3620 1579 Νιι-
3696 1574 3697 1577 η

2052 1636 2174 1674 men
2230 1618 2458 1673 liberale
2496 1628 2601 1682 est,
2657 1628 2710 1671 et
2750 1620 2973 1684 bonum,
3017 1624 3071 1670 et
3127 1617 3344 1672 invidia:
3399 1632 3618 1689 expers.

2052 1722 2101 1764 et
2137 1726 2298 1780 supra
2328 1726 2542 1764 omnem
2604 1716 2920 1779 egestatem.
2968 1707 3121 1773 Quod
3171 1709 3218 1764 si
3272 1710 3415 1780 ignis
3467 1724 3621 1763 natu-

366 1784 440 1841 Τὸ
462 1786 517 1837 δὲ
543 1786 606 1857 δὴ
638 1789 731 1841 καὶ
765 1787 873 1855 πῦρ
901 1788 1034 1840 αὐτὸ
1064 1788 1321 1856 λέγεσθαι
1352 1788 1448 1841 καὶ
1477 1788 1733 1858 πυρίναις
1764 1788 1942 1856 γλώσ-

2059 1819 2160 1855 ιιιιιι
2196 1813 2305 1856 tam
2337 1801 2707 1855 admirabilem
2742 1799 3005 1863 condidit,
3032 1800 3158 1869 quid
3188 1801 3364 1870 ipsum
3408 1800 3618 1855 Numen

368 1896 491 1941 σαις
542 1879 873 1933 ἐπιπτέσθαι
931 1883 1043 1943 τοῖς
1108 1882 1450 1946 ἀποστόλοις,
1509 1882 1688 1936 πάντα
1739 1883 1939 1952 μᾶλλον

366 1972 550 2026 δίδωσι
571 1974 710 2025 νοεῖν
740 1972 960 2026 ἀπεῖναι
984 1973 1144 2036 Θεοῦ,
1172 1973 1291 2043 ne;
1311 1973 1424 2043 πῦρ
1453 1974 1726 2044 ίδιότητας
1758 1973 1936 2043 φέρει.

370 2064 507 2118 Οὔτε
538 2064 644 2133 γὰρ
676 2066 844 2134 πυρὸς
880 2067 938 2120 ἐν
991 2068 1101 2129 τοῖς
1133 2066 1414 2135 αἰσθητοῖς
1462 2067 1942 2136 ἐπικρατέστερον,

371 2157 403 2227 ἢ
434 2158 864 2227 δραστικώτεροι
886 2198 902 2223 ,
957 2158 1079 2211 οὔτε
1142 2159 1280 2212 Θεοῦ
1332 2161 1387 2211 ἐν
1414 2162 1527 2219 τοῖς
1558 2158 1730 2223 οὖσιν,
1767 2161 1817 2211 εί
1850 2158 1948 2211 καὶ

376 2250 640 2318 μειζόνων
669 2251 874 2320 ἀπορίᾳ
901 2251 1363 2320 παραδειγμάτων
1389 2250 1445 2302 ὲν
1474 2251 1650 2319 τούτῳ
1677 2250 1767 2302 τὸν
1792 2249 1948 2316 λόγον

374 2343 672 2412 ἐρείδομεν.
712 2344 821 2395 Kal.
852 2343 1030 2411 ἔγωγε
1062 2345 1160 2414 τὴν
1206 2346 1315 2398 τῶν
1348 2345 1602 2398 Στωϊκῶν
1641 2345 1952 2414 ἐκπύρωσιν

375 2436 474 2487 οῦκ
509 2436 928 2506 ἀποδεχόμενος,
972 2437 1030 2489 ἓν
1061 2437 1222 2490 τοῦτο
1276 2440 1537 2506 ἀσφαλῶς
1593 2439 1949 2507 ἀποφηναμέ-

374 2546 497 2592 νους
529 2530 725 2591 αὐτοὺς
762 2527 900 2594 οἶδα,
935 2532 1015 2584 ὅτι
1076 2532 1150 2600 μή
1200 2548 1259 2584 τε
1294 2532 1592 2601 ὲξαέρωσιν
1622 2530 1715 2584 τοῦ
1751 2531 1953 2592 παντὸς

375 2621 446 2684 (εί
494 2620 573 2695 δεῖ
608 2620 730 2671 κατ’
762 2621 1005 2683 ἐκείνους
1032 2620 1271 2690 ὀνόματα
1300 2621 1578 2689 πλάττειν)
1616 2621 1690 2689 μή
1741 2636 1801 2672 τε
1834 2620 1954 2685 ἐξυ-

373 2712 626 2775 δάτωσιν,
677 2714 711 2785 ἥ
760 2731 812 2766 τι
862 2714 1051 2782 ἕτερον
1104 2713 1490 2783 ἐδογμάτισαν,
1551 2713 1649 2765 οὒκ
1701 2712 1951 2780 ἀμαθῶς,

372 2806 495 2866 ἐμοὶ
525 2804 725 2868 δοκεῖν,
785 2803 1115 2867 συνιδόντες.
1166 2806 1239 2867 ὡς
1294 2804 1440 2857 εἴτι
1496 2805 1739 2858 τοιοῦτον
1789 2821 1953 2873 τερα-

373 2895 630 2947 τεύεσθαι
666 2896 796 2961 δέοι,
839 2896 1009 2964 μηδὲν
1043 2896 1193 2961 ἄλλο,
1225 2895 1258 2964 ἢ
1292 2896 1391 2965 τὴν
1439 2896 1520 2957 εἰς
1568 2894 1628 2947 τὸ
1663 2895 1953 2965 κράτιστον

374 2988 484 3040 τῶν
516 2989 793 3058 στοιχείων
828 2990 1243 3059 μετακόσμησιν
1281 2988 1605 3057 σχεδιάζεινκ

2050 1894 2105 1949 in
2140 1909 2197 1948 se
2248 1908 2368 1947 esse
2426 1892 2881 1962 conjectabimns,
2942 1892 3087 1959 quod
3140 1900 3193 1945 et
3249 1892 3428 1961 ipsum
3478 1892 3637 1959 ignis

2053 1985 2375 2053 t'tppt-llallll‘,
2435 1994 2483 2037 et
2552 1984 2720 2052 specie
2784 1984 3087 2054 linguarum
3147 1984 3418 2054 ignearum
3467 1999 3622 2049 super

2048 2075 2309 2143 apostolos
2340 2076 2473 2128 sedit
2506 2077 2549 2108 ¹⁶
2577 2075 2599 2128 ?
2636 2075 2768 2141 Quae
2802 2090 2932 2130 sane
2956 2076 3154 2129 indicio
3189 2085 3336 2135 sunt,
3381 2078 3557 2127 omnia
3592 2091 3618 2125 a

2056 2169 2162 2219 lleo
2190 2169 2363 2234 magis
2391 2167 2603 2229 abesse,
2633 2183 2795 2236 quam
2828 2168 3191 2236 proprietates
3225 2167 3393 2236 ignis.
3434 2165 3620 2236 Nequa,

2054 2256 2197 2310 enim
2238 2258 2361 2326 igne
2405 2258 2610 2327 aliquid
2668 2259 2937 2327 potentius
2995 2269 3049 2312 et
3102 2257 3376 2313 eﬂicacius
3434 2273 3517 2313 est
3569 2262 3619 2309 in

2054 2349 2216 2403 rebus
2246 2349 2429 2403 sensui
2460 2349 2722 2418 expositis
2746 2393 2760 2416 ,
2827 2365 3002 2418 neque
3036 2348 3143 2403 Deo
3170 2350 3226 2403 in
3283 2350 3384 2403 hoc
3439 2366 3619 2403 rerum

2055 2440 2358 2494 universo:
2411 2441 2512 2493 etsi
2584 2441 2848 2508 majorum
2899 2441 3273 2509 exemplorum
3336 2441 3516 2509 inepia
3568 2442 3619 2493 in

2055 2532 2157 2583 hoc
2205 2530 2504 2584 orationem
2564 2531 2830 2586 sistimus.
2886 2530 2948 2585 Et
2995 2546 3095 2601 ego
3150 2531 3366 2600 quidem
3418 2534 3618 2603 rt-jet-ta

2060 2623 2371 2676 Stoicorum
2408 2622 2851 2692 conﬂagratione,
2921 2622 3023 2675 hoc
3079 2638 3246 2676 unum
3292 2622 3439 2686 novi,
3500 2622 3620 2675 illos

2056 2716 2265 2783 absque
2348 2714 2591 2782 periculo
2672 2715 2937 2777 sensisse,
3014 2729 3191 2784 neque
3248 2715 3619 2768 universitatis

2058 2808 2461 2861 execrationem
2523 2806 2589 2877 (si
2652 2822 2801 2861 more
2867 2808 3083 2861 illorum
3149 2821 3287 2860 nuta
3358 2806 3619 2859 vocabula

2062 2898 2261 2967 ﬁngere
2308 2899 2477 2969 licet),
2526 2914 2700 2970 neque
2726 2901 3140 2969 exaquationem
3175 2898 3253 2953 vel
3293 2896 3495 2967 aliquid
3548 2898 3623 2950 si-

2059 2991 2187 3043 n‘ile
2237 3005 2301 3043 ex
2344 3005 2529 3045 eorum
2590 2991 2821 3045 decretis
2875 3005 3113 3057 unquam
3168 2988 3417 3043 futurum
3478 3002 3623 3040 esse.

376 3082 490 3135 Mea
524 3084 779 3151 Opinione
808 3098 916 3136 non
945 3084 1157 3138 inscite.
1192 3083 1255 3137 Et
1294 3084 1337 3138 si
1367 3083 1493 3151 quid
1549 3082 1615 3137 de
1680 3095 1877 3152 genere
1918 3082 2023 3138 hoc
2054 3082 2365 3153 prodigiose
2397 3092 2699 3149 asseratur,
2762 3082 2814 3137 id
2858 3098 2962 3137 non
3000 3081 3102 3137 nisi
3136 3081 3203 3136 de
3228 3081 3620 3135 elementorum

376 3170 430 3227 in
459 3175 721 3243 Optimum
752 3183 949 3228 statum
984 3183 1092 3228 rest
1118 3176 1325 3229 tutione
1376 3174 1579 3242 inteligi
1609 3173 1849 3228 debebit.

450 3271 665 3325 Οὐκοῦν
720 3271 820 3334 τῆς
868 3270 964 3323 τοῦ
1022 3271 1342 3341 Πνεῦματος
1397 3270 1619 3340 χάριτος
1668 3270 1742 3333 ὡς
1800 3268 1953 3339 πυρὸς

2148 3268 2283 3322 Cum
2320 3282 2451 3337 ergo
2486 3265 2720 3337 Spiritus
2752 3267 2927 3321 sancti
2981 3267 3176 3338 gratia,
3231 3266 3406 3321 instar
3463 3265 3624 3333 ignis.

377 3363 651 3432 ἀμειώτου
687 3361 978 3432 μενούσης,
1016 3363 1223 3432 Πέτρος
1262 3362 1362 3433 μὲν
1394 3365 1507 3425 τοῖς
1536 3362 1645 3415 ὑπὸ
1688 3360 1959 3415 Φιλίππου

379 3462 520 3509 κατὰ
543 3458 861 3526 Σαμάρειαν
894 3456 1265 3526 βαπτισθεῖσι,
1307 3457 1401 3508 καὶ
1438 3456 1604 3525 μήπω
1635 3451 1695 3506 τὸ
1738 3451 1964 3521 Πνεῦμα

379 3548 660 3613 λαϐοῦσιν,
694 3549 862 3601 ἐλθὼν
910 3550 1002 3600 καὶ
1031 3550 1125 3610 τὰς
1158 3550 1346 3617 χεῖρας
1396 3546 1658 3607 ἐπιτιθεὶς
1692 3545 1818 3615 ἥκει
1870 3542 1964 3596 καὶ

382 3642 473 3694 ἐπ’
498 3643 738 3703 ἐκείνους
793 3640 971 3693 ἐποίει
1022 3642 1083 3692 τὸ
1117 3640 1362 3708 Πνεῦμα.
1419 3641 1670 3693 Κᾶπειτα
1705 3637 1840 3705 πρὸς
1870 3636 1963 3688 τὶν

387 3734 798 3801 ἑκατοντάρχην
833 3728 965 3802 ἦλθε
1010 3732 1328 3801 Κορνήλιον,
1367 3730 1462 3782 καὶ
1497 3732 1607 3792 τοῖς
1642 3727 1874 3798 παροῦσι
1904 3728 1964 3780 τὸ

386 3824 721 3892 Εὑαγγέλιον
768 3824 988 3893 διεξῄει,
1027 3823 1223 3885 αὐτούς
1263 3840 1321 3875 τε
1372 3822 1488 3891 ἅμα
1529 3818 1757 3884 ἐδίδαξε,
1786 3818 1879 3871 καὶ
1903 3818 1964 3871 τὺ

384 3916 610 3985 Πνεῦμα
637 3918 727 3969 ἐπὶ
759 3918 968 3977 πάντας
1000 3914 1256 3969 ἐπιπεσὸν
1291 3913 1557 3981 γλωσσῶν
1603 3912 1773 3964 ἐδίδου
1804 3910 1965 3980 χαρί-

383 4027 585 4078 σματα.
622 4008 826 4072 Παῦλος
860 4008 916 4061 δὲ
952 4009 1077 4071 τοὺς
1116 4006 1235 4060 κατ’
1271 4006 1506 4073 Ἔφεσον
1552 4005 1633 4066 είς
1675 4004 1737 4055 τὸ
1776 4002 1963 4071 βάπτι-

384 4120 499 4170 σμα
541 4102 940 4171 βαπτισθέντας
986 4101 1256 4164 Ἰωάννου,
1296 4100 1393 4153 καὶ
1436 4095 1813 4166 ἐρωτηθέντας
1838 4095 1959 4164 μὲν,

382 4197 429 4246 εἰ
466 4193 657 4263 ΙΙεῦμα
692 4193 848 4261 ἅγιον
899 4190 1296 4253 πιστεύσαντες
1341 4188 1554 4252 ἔλαϐον,
1592 4188 1965 4256 ἀποκριναμέ-

382 4304 506 4349 vos;
551 4287 629 4352 δὲ,
668 4289 885 4351 ἀγνοεῖν
919 4287 1014 4339 καὶ
1045 4287 1093 4336 εί
1129 4283 1351 4353 Πνεῦμα
1384 4282 1534 4334 ἐστιν
1569 4280 1747 4349 ἅγιον,
1795 4281 1875 4342 εἰς
1904 4279 1966 4333 τὸ

383 4381 553 4448 δνομα
566 4380 661 4432 τοῦ
688 4378 927 4448 Χριστοῦ
955 4376 1249 4447 βαπτίσας,
1278 4376 1374 4429 καὶ
1396 4375 1490 4437 τὰς
1512 4377 1704 4445 χεῖρας
1727 4372 1962 4440 ἐπιθεὶς,

384 4473 481 4539 τῆς
515 4470 608 4523 τοῦ
645 4470 959 4538 Πνεύματος
988 4469 1189 4521 αὐτίκα
1224 4468 1476 4537 μετέχειν
1503 4464 1777 4535 πεποίηκε
1804 4465 1963 4533 χάρι-

387 4581 476 4625 τος
512 4562 877 4629 ἐπιτοσοῦτον,
916 4562 1058 4615 ὥστε
1097 4564 1192 4614 καὶ
1223 4561 1500 4630 γλώσσαις
1530 4558 1713 4612 λαλεῖν
1747 4557 1963 4627 ἑτέραις

389 4658 481 4708 καὶ
514 4654 900 4724 προφητεύειν.

473 4748 613 4799 Ἀλλ’
662 4742 764 4799 ὧδε
798 4746 892 4798 τοῦ
946 4745 1107 4810 λόγου
1154 4742 1449 4814 γενομένου
1493 4739 1841 4811 ἐνεθυμήθην
1865 4740 1962 4793 κά-

390 4844 560 4897 κεῖνο.
588 4841 670 4894 ὅτι
702 4840 797 4893 καὶ
824 4838 931 4891 ἀπὸ
960 4837 1053 4890 τοῦ
1087 4839 1143 4890 ὲν
1162 4837 1239 4907 τῷ
1266 4838 1454 4890 Μωσεῖ
1480 4834 1786 4902 πνεύματος
1818 4832 1961 4885 ἐϐδο-

394 4939 637 5005 μήκοντα
693 4933 801 4985 τῶν
866 4930 1259 5002 πρεσϐυτέρων
1332 4926 1462 4979 ποτὲ
1522 4926 1959 4996 προεφήτευσαν.

402 5023 545 5095 Ὀρῶ
581 5025 763 5095 μέντοι
791 5023 888 5093 τὴν
910 5024 1003 5075 τὸν
1033 5020 1349 5074 ἀποστόλων
1371 5018 1647 5086 ὑπεροχὴν
1672 5017 1735 5069 οὐ
1757 5014 1962 5085 μικρὰν

394 5115 529 5185 πρὸς
585 5116 781 5168 ἐκεῖνο.
831 5111 1097 5165 Ἐνταῦθα
1131 5112 1230 5181 μὲν
1272 5110 1382 5179 γὰρ
1423 5109 1575 5161 αὑτοὶ
1613 5107 1721 5158 τῶν
1768 5104 1965 5176 χειρῶν

392 5209 631 5262 διαθέσει
682 5207 741 5261 τὸ
777 5205 965 5277 θαῦμα
994 5204 1330 5276 εἰργάζοντο,
1370 5203 1485 5254 ἐκεῖ
1507 5200 1565 5253 δὲ
1612 5200 1813 5270 Κύριον
1836 5200 1969 5268 ἀφε-

395 5304 504 5351 λεῖν
532 5299 754 5366 λέγεται
785 5298 882 5351 τοῦ
930 5302 988 5352 ἐν
1016 5298 1096 5367 τῷ
1125 5298 1313 5351 Μωσεῖ
1353 5292 1690 5362 πνεύματος,
1720 5295 1815 5345 καὶ
1845 5295 1966 5347 ἐτι-

395 5389 572 5443 θιῖναι
607 5391 718 5452 τοῖς
764 5388 1195 5459 πρεσϐυτέροις·
1230 5386 1390 5439 ὁπότε
1424 5384 1480 5435 δέ
1509 5383 1602 5436 καί
1640 5401 1787 5446 τινες
1830 5384 1965 5453 μηδὲ

394 5482 823 5551 ταραγινόμενοι
868 5482 1005 5551 πρὸς
1029 5480 1255 5544 Μωσῆν,
1296 5478 1411 5531 ἀλλ’
1443 5481 1499 5529 ἐν
1531 5478 1599 5542 τῇ
1644 5477 1963 5547 παρεμϐολῇ

398 5578 670 5645 μένοντες,
692 5577 1133 5645 προεφήτευσαν.
1156 5571 1387 5632 Εἰκότω,
1417 5583 1431 5599 ⁸
1452 5569 1500 5620 εἰ
1520 5569 1626 5636 γὰρ
1648 5568 1738 5620 καὶ
1760 5569 1963 5635 Μωσῆς

473 5777 515 5800 η
547 5777 668 5825 Act.
706 5782 763 5820 ιι.
804 5767 857 5821 5.
965 5765 1007 5797 ⁸⁷
1035 5772 1155 5819 Act.
1203 5781 1321 5829 νιιι,
1365 5763 1425 5818 l3
1477 5777 1628 5832 seqq.

1710 5760 1749 5790 ’⁸
1798 5758 1913 5813 Art.
1969 5776 2022 5813 ι.
2080 5761 2144 5814 Η
2175 5760 2256 5814 ἀΰ.

2066 3359 2157 3427 qui
2196 3373 2304 3410 non
2344 3365 2519 3426 potest
2569 3356 2764 3419 minui,
2823 3369 3149 3426 perseveret,
3194 3357 3452 3427 Petrusa
3504 3356 3625 3409 Phi-

2067 3450 2211 3519 lippo
2242 3451 2295 3503 in
2332 3449 2581 3502 Samaria
2659 3449 2975 3519 baptizatis,
3027 3458 3079 3503 et
3136 3448 3375 3502 nondum
3419 3450 3625 3517 Spiritu

2065 3548 2256 3594 sancto
2304 3538 2540 3604 donatis,
2600 3553 2793 3593 manus
2853 3540 3160 3609 imponens,
3200 3539 3401 3602 effecit,
3455 3549 3514 3592 ut
3576 3550 3629 3590 et

2066 3646 2228 3699 super
2256 3630 2379 3684 illos
2421 3628 2656 3698 Spiritus
2691 3639 2914 3684 sanctus
2946 3630 3303 3685 descenderet
3346 3630 3409 3681 ”.
3470 3629 3627 3682 Post-

2065 3738 2128 3779 ea
2192 3724 2256 3778 ad
2323 3722 2634 3778 Cornelium
2666 3721 3043 3776 centurionem
3084 3720 3382 3792 profectus,
3420 3735 3633 3773 annon.-

2069 3817 2199 3869 tiato
2233 3812 2594 3884 praesentibus
2634 3813 2944 3883 Evangelio,
2980 3812 3109 3867 dum
3170 3827 3262 3868 eos
3298 3812 3635 3877 institueret,

2067 3907 2305 3976 Spiritus
2335 3916 2558 3963 sanctus
2599 3920 2762 3976 super
2790 3917 2981 3961 omnes
3010 3905 3231 3972 cecidit,
3263 3913 3318 3959 et
3350 3903 3625 3957 variarum

2065 3999 2373 4069 linguarum
2407 3999 2549 4053 dona
2582 3998 2817 4054 contulit
2849 3998 2914 4055 η.
2948 3998 3152 4051 Paulus
3182 4011 3312 4051 vero
3365 3994 3629 4063 Ephesios

2067 4092 2190 4146 illos
2218 4092 2544 4161 baptismate
2588 4090 2812 4147 Joannis
2852 4090 3178 4161 baptizatos,
3212 4098 3266 4143 ct
3328 4089 3630 4155 interroga-

2068 4194 2170 4246 tos,
2215 4185 2259 4239 si
2322 4184 2583 4254 Spiritum
2635 4192 2882 4238 sanctum
2931 4182 3217 4237 credentes
3267 4182 3627 4249 accepissent.

2068 4277 2461 4344 respondentes
2518 4290 2646 4330 vero
2682 4289 2763 4340 se,
2795 4289 2862 4329 ne
2906 4277 2951 4329 si
2978 4273 3215 4342 Spiritus
3271 4280 3497 4327 sanctus
3540 4271 3631 4333 sit,

2066 4383 2251 4434 nosse,
2292 4369 2344 4421 in
2384 4370 2606 4423 nomine
2635 4368 2837 4422 Christi
2888 4365 3207 4436 baptizavit,
3270 4365 3633 4432 manibusque

2067 4458 2374 4529 impositis,
2428 4456 2715 4513 confestim
2774 4455 2993 4523 elTecit,
3055 4464 3114 4510 ut
3169 4455 3355 4527 gratia:
3398 4454 3634 4523 Spiritus

2069 4550 2246 4605 sancti
2286 4549 2577 4620 participes
2628 4547 3011 4616 redderentur,
3050 4548 3186 4605 adeo
3226 4558 3285 4603 ut
3336 4558 3389 4604 et
3438 4549 3636 4618 linguis

1995 4620 2040 4675 D
2069 4644 2265 4697 alienis
2303 4643 2680 4711 loquerentur,
2719 4652 2774 4696 et
2820 4644 3215 4713 propltetarent
3251 4644 3316 4697 ¹⁹.

2142 4732 2341 4788 Verum
2368 4735 2473 4787 huc
2503 4733 2752 4788 oratione
2782 4733 2993 4789 delatus
3039 4734 3173 4788 illud
3207 4734 3373 4789 etiam
3431 4734 3634 4805 cogito,

2068 4827 2211 4897 quod
2245 4827 2373 4881 olim
2425 4826 2494 4882 de
2525 4825 2721 4896 Spiritu
2750 4824 2952 4897 Moysis
2982 4828 3327 4898 septuaginta
3388 4828 3635 4882 seniores

2068 4917 2462 4989 prophetarum.
2496 4918 2566 4971 ²⁰.
2636 4915 2878 4973 Tametsi
2925 4917 3070 4974 inter
3130 4920 3409 4989 apostolos
3458 4927 3510 4972 et
3559 4917 3635 4971 fa-

2067 5024 2215 5066 ctum
2271 5010 2399 5063 illud
2463 5010 2656 5080 ingens
2708 5010 3001 5066 discrimen
3062 5012 3403 5067 intercedere
3452 5010 3632 5087 video.

2069 5103 2165 5158 llic
2190 5102 2331 5160 enim
2370 5102 2587 5171 ipsintet
2632 5103 2883 5172 apostoli,
2942 5118 3204 5158 manuum
3262 5104 3631 5173 impositione,

2070 5194 2391 5247 miraculum
2458 5194 2789 5263 patrabant:
2854 5194 2929 5250 ibi
2979 5210 3108 5251 vero
3173 5195 3405 5264 legimus
3458 5194 3634 5263 ipsum

2068 5285 2358 5339 Dominum
2462 5285 2529 5340 de
2613 5286 2808 5355 spiritu
2877 5284 3078 5356 Moysis
3158 5285 3454 5339 abstulisse
3494 5323 3511 5347 ,
3582 5294 3635 5338 et

2069 5380 2134 5432 ad
2197 5377 2445 5431 seniores
2517 5376 2887 5433 transtulisse.
2934 5378 3052 5433 lmo
3114 5376 3337 5445 quidam
3403 5375 3496 5443 qni
3569 5375 3636 5429 ad

2071 5470 2292 5539 Moysen
2330 5484 2387 5523 se
2433 5483 2538 5523 non
2583 5470 2951 5533 contulerant,
3009 5470 3103 5523 sed
3158 5469 3211 5521 in
3267 5468 3462 5522 castris
3516 5482 3637 5535 per-

2074 5571 2422 5625 manserant,
2460 5560 2875 5629 propbetarnnt.
2924 5560 3151 5613 Merito:
3205 5558 3455 5626 quamvis
3486 5558 3631 5612 enim

2342 5761 2382 5791 ”
2442 5760 2560 5813 Act.
2596 5774 2680 5809 χιχ
2736 5756 2771 5807 2
2800 5768 2950 5821 seqq.
3050 5751 3093 5779 ¹⁰
3126 5749 3285 5804 Num.
3321 5764 3391 5815 ιιι,
3424 5750 3447 5805 l
3476 5762 3629 5817 seqq.
