3992 6210
391 188 528 255 1079

383 422 507 459 cum
539 407 717 461 amico
743 407 891 476 loqui
922 409 1061 464 solet
1094 453 1110 478 ,
1165 411 1296 463 nihil
1347 419 1528 467 tamen
1563 411 1654 466 hic
1686 423 1790 478 est,
1846 415 1958 466 col-

383 498 588 554 latione
633 515 758 553 cum
807 504 1074 570 apostolis
1131 505 1293 557 facta.
1355 504 1448 558 llle
1477 505 1621 560 enim
1656 508 1957 576 posteriora

385 589 478 644 Dei
512 593 716 647 vidisse
749 607 1102 658 memoratur,
1138 597 1252 650 isti.
1285 613 1415 652 vero
1448 599 1614 652 Deum
1650 598 1704 652 in
1765 613 1953 664 carne,

384 683 525 739 facie
582 685 647 739 ad
708 685 902 742 faciem
956 689 1232 753 viderunt,
1287 700 1339 744 et
1402 688 1662 747 manibus
1733 701 1955 748 contre-

383 787 628 842 ctarunt,
679 789 733 834 et
801 795 946 835 cum°
990 781 1082 834 illo
1152 783 1513 837 comederunt
1579 792 1632 838 et
1682 784 1958 849 biberunt,

386 880 440 923 ct
469 870 520 923 in
556 871 833 930 omnibus,
867 873 1332 941 quemadmodum
1365 875 1528 930 homo
1557 890 1681 929 cum
1711 876 1954 936 homine,

385 973 511 1010 cum
556 958 648 1012 ilio
703 962 1011 1015 conversati
1064 973 1213 1026 sunt,
1278 963 1342 1017 ad
1396 979 1514 1017 eam
1583 966 1953 1035 dignationem

387 1047 635 1111 admissi,
668 1061 724 1102 nt
764 1061 816 1106 et
853 1054 1039 1116 amici,
1070 1061 1124 1107 et
1150 1055 1367 1124 cognati
1403 1066 1456 1110 et
1491 1055 1688 1111 fratres
1715 1058 1958 1127 appella-

388 1154 594 1197 rentur.
647 1141 828 1212 Neque
857 1145 1031 1199 solum
1083 1144 1303 1216 Moysen
1363 1147 1416 1200 in
1471 1148 1574 1203 hoc
1607 1158 1957 1220 superarunt,

385 1234 481 1287 scd
511 1243 566 1287 et
612 1233 803 1289 Eliam.
863 1235 994 1290 Nam
1048 1237 1094 1291 si
1143 1236 1418 1307 duplicem
1502 1239 1650 1294 illam
1732 1242 1959 1309 spiritus

384 1325 615 1391 gratiam
657 1364 671 1388 ,
732 1343 896 1394 quam
965 1327 1162 1384 Elismo
1241 1331 1608 1402 transcripsit,
1672 1333 1959 1396 intuearis,

385 1416 558 1468 multo
605 1419 867 1484 apostolis
929 1420 1196 1476 minorem
1276 1421 1561 1478 invenies:
1649 1440 1756 1479 non
1813 1426 1958 1480 enim

387 1527 512 1564 cum
543 1512 720 1568 adhuc
756 1513 808 1566 in
845 1523 988 1569 terra
1031 1515 1174 1570 inter
1208 1514 1460 1571 homines
1517 1515 1760 1587 degeret,
1795 1516 1961 1571 disci-

386 1604 516 1671 pulo
555 1606 781 1675 gratiam
813 1605 960 1660 illam
1003 1607 1222 1674 reliquit
1272 1617 1366 1662 aut
1390 1608 1647 1672 tradidit;
1682 1623 1855 1679 neque
1892 1609 1962 1661 ob

1597 199 1883 262 MAXIM!
1925 204 2305 268 PLANUDE

385 313 600 382 Moyses
630 312 843 368 dicatur
876 329 1000 369 cum
1041 316 1271 370 Domino
1301 316 1534 384 locutus,
1567 320 1710 374 sicut
1740 321 1954 375 amicus

2075 325 2463 391 ’.αλ.ἧσαι,πρῆς
2496 325 2720 390 Κῦριςν,
2755 325 2886 378 ὡσεί
2922 344 2945 377 τ

2953 345 2998 386 ις
3031 325 3264 394 λαλῆσαι
3293 323 3428 391 πρδς
3451 325 3654 376 Euam-3

2066 414 2286 480 λέγεται
2321 416 2496 483 φίλον,
2523 415 2633 467 ἀλλ’
2667 418 2786 484 οὐχὶ
2803 418 2898 468 καὶ
2924 419 3035 478 τοῖς
3058 416 3383 477 amatam;
3406 417 3615 482 όμοῗως
3635 431 3651 443 ⁸

2067 509 2277 567 ἐκεῖνος
2313 508 2410 574 μὲν
2459 508 2570 576 γὰρ
2605 508 2832 561 ὀπίσθιά
2867 526 2991 560 τινα
3036 507 3172 559 Θεοῦ
3221 509 3353 560 ἰδεῖν
3385 508 3611 570 λέγεται
3637 524 3650 534 ’

2066 594 2214 653 οὗτοι
2244 599 2299 651 δὲ
2343 598 2478 651 Θεὸν
2529 601 2586 651 ἐν
2620 601 2784 668 σαρκὶ
2827 601 2970 653 κατὰ
3009 601 3303 668 πρόσωποί
3335 596 3503 659 εἶδον,
3553 599 3651 648 καὶ

2068 695 2258 758 χερσὶν
2303 689 2698 758 ἐψηλάφησανο
2750 691 2845 744 καὶ
2893 692 3195 757 συνέφαγον
3242 689 3325 758 δὴ.
3359 694 3454 742 καὶ
3492 692 3650 740 avris"

2069 798 2213 841 πιον,
2247 781 2342 832 καὶ
2376 781 2554 833 πάντα
2605 782 3141 842 συνεπολ.ιτεὺσαντο,
3194 782 3297 833 ὅσα
3337 782 3402 832 ἂν
3434 779 3655 845 ἀνθρωο

2067 889 2168 933 πος
2202 871 2494 942 ἀνθρὼπφν
2521 874 2614 926 καὶ
2644 874 2812 940 φίλοιν
2831 875 2923 926 καὶ
2956 875 3257 938 συγγενεῖς,
3293 875 3392 924 καὶ
3423 873 3656 937 ἀδελφή

2069 963 2326 1030 γενέσθαι
2360 961 2800 1032 κατηξιώθησαν.
2836 967 2946 1017 Καὶ
2980 966 3041 1016 οὗ
3080 967 3328 1026 Μωσέως
3387 965 3557 1032 μόνον
3595 968 3659 1012 τὸ

2069 1055 2230 1106 πλέον
2281 1054 2439 1124 ἔσχον
2474 1057 2532 1107 ἐν
2581 1055 2776 1125 τούτῳ,
2821 1057 2958 1108 ἀλλά
3008 1057 3112 1109 κᾶν
3173 1057 3362 1108 Ἠλίαν
3415 1058 3660 1122 σκοπῇς,

2067 1147 2264 1217 διπλῆν
2295 1149 2392 1218 τὴν
2422 1148 2607 1218 χάριν,
2635 1149 2702 1220 ἢν
2730 1146 2867 1218 εἶχε,
2899 1148 2995 1201 τοῦ
3027 1149 3338 1216 πνεύματος
3366 1149 3446 1212 τῷ
3473 1147 3662 1200 Ἐλισ-

2072 1237 2206 1304 σαίῳ
2237 1237 2301 1306 δὴ
2347 1239 2818 1307 παραπέμποντα,
2867 1239 3121 1291 κάκεῖνον
3167 1239 3287 1306 ὄψει
3333 1238 3501 1291 τοῦτο
3545 1239 3662 1288 τῶν

2067 1328 2382 1382 ἀποστόλων
2425 1327 2759 1398 ἡττώμενον.
2816 1330 2892 1383 Οὐ
2952 1331 3062 1400 γὰρ
3118 1332 3198 1382 ἔτι
3245 1333 3360 1392 τοῖς
3407 1333 3506 1381 ἐπὶ
3553 1333 3665 1395 γῆς

2068 1421 2381 1491 ἀνθρώποις
2435 1421 2900 1491 συνδιαιτώμενος
2945 1423 3024 1492 τῷ
3074 1424 3290 1491 μαθητῇ
3344 1423 3444 1488 τὴν
3491 1422 3666 1488 χάριν

2072 1513 2386 1575 κατέλιπεν,
2499 1514 2827 1583 μετέδωκεν,
2867 1513 2977 1568 οὐδ’
3028 1513 3172 1586 ἥσθη
3213 1513 3301 1567 ἐπ’
3331 1513 3484 1581 αὐτῷ
3515 1517 3667 1564 κατὰ

2071 1606 2165 1656 τὸν
2216 1604 2538 1658 διδάσκαλον
2582 1604 2958 1666 ἐπιδεδωκότι,
3001 1606 3079 1667 ὥς
3131 1621 3234 1658 που
3279 1605 3376 1656 καὶ
3411 1605 3666 1672 πατέρες

390 1697 744 1767 discipulum,
781 1699 1028 1769 magistri
1074 1701 1126 1754 in
1177 1715 1382 1754 morem
1439 1700 1746 1762 excultum,
1804 1699 1926 1754 volu

2075 1697 2282 1765 ἣδοντο-ι
2315 1697 2441 1758 τοὺς
2478 1695 2675 1758 παῖδας
2705 1697 2926 1766 ὁμοίους
2959 1697 3144 1758 αὐτοῖς
3170 1696 3494 1754 ἀποσάντας
3523 1693 3668 1744 65:2:-

396 1799 604 1858 ptatem
639 1792 809 1861 cepit,
848 1792 994 1847 sicut
1031 1805 1214 1863 patres
1247 1793 1615 1858 obiectantur,
1647 1808 1771 1848 cum
1824 1791 1964 1847 ﬁlios

393 1882 499 1936 sibi
533 1883 742 1938 similes
774 1885 1016 1940 evasisse
1043 1896 1278 1940 cernunt
1306 1901 1322 1950 ;
1356 1885 1452 1939 sed
1505 1885 1725 1956 quando
1759 1886 1866 1953 jam
1897 1883 1962 1936 ad

391 1974 768 2030 sublimiorem
847 1986 1050 2032 statum
1110 1976 1488 2041 evehebatu‘r,
1555 1986 1684 2031 tunc
1761 1977 1964 2045 primas

388 2063 586 2119 Elisaeo
652 2069 950 2134 concessit,
999 2067 1458 2138 quemadmodum
1517 2067 1561 2121 si
1593 2066 1746 2133 ’quis
1796 2081 1964 2120 novas

389 2165 572 2212 vestes
620 2157 874 2222 induens,
905 2157 1159 2211 ministro
1187 2173 1288 2213 suo
1341 2157 1547 2228 primas
1577 2157 1858 2212 concedat.
1901 2155 1970 2210 At

389 2250 616 2317 apostoli
647 2249 826 2304 adhuc
850 2250 1174 2319 superstites
1195 2260 1245 2305 et
1272 2265 1394 2304 cum
1435 2250 1746 2304 hominibus
1796 2264 1996 2322 agvuo‘

392 2356 494 2401 les.
542 2344 740 2397 donum
821 2342 1057 2415 Spiritus
1125 2343 1297 2399 sancti
1349 2342 1767 2412 distriquerunt.

460 2441 630 2497 Porro
647 2445 690 2498 si
714 2442 1267 2513 cuigraudevidetur,
1294 2440 1438 2510 quod
1471 2440 1544 2495 ibi
1566 2440 1759 2509 duplex
1788 2441 1962 2511 gratia

391 2529 577 2595 luerit,
625 2531 670 2586 is
729 2531 1003 2595 Elismum,
1060 2547 1182 2588 eum
1238 2547 1380 2583 unus
1438 2529 1530 2593 sit,
1585 2531 1965 2600 prastervolare

388 2637 499 2674 non
533 2621 716 2677 sinat:
751 2621 880 2692 quid
912 2623 1055 2676 enim
1095 2622 1137 2675 si
1170 2620 1410 2676 inﬁnito;
1439 2618 1631 2676 Petros
1659 2629 1712 2674 et
1768 2621 1964 2676 Paulos

392 2727 742 2782 percenseas,
791 2713 916 2769 illos
969 2713 1235 2783 intelligo,
1269 2714 1358 2783 qui
1414 2713 1481 2766 ab
1533 2714 1666 2784 ipsis
1725 2712 1964 2781 Spiritus

390 2808 623 2876 gratiam
662 2805 1038 2875 acceperunt?
1084 2806 1301 2870 Quanto
1349 2806 1715 2876 admiratione
1747 2805 1967 2876 dignius

390 2907 476 2954 est
511 2899 634 2964 hoc,
669 2912 836 2969 quam
893 2897 1079 2952 illud?
1129 2897 1392 2964 Quamvis
1423 2909 1476 2953 et
1507 2895 1639 2951 illud
1701 2899 1966 2967 apostolis

389 2990 603 3060 priores
633 2997 816 3060 partes
873 2989 1162 3044 concedit:
1205 2990 1352 3044 Elias
1415 2990 1498 3044 vix
1559 2988 1775 3042 tandem
1844 2996 1968 3058 pr‘st

2065 1805 2242 1854 μενοι.
2301 1786 2442 1840 Ἀλλ’
2469 1787 2633 1856 ἡνίκα
2667 1789 2805 1858 πρὸς
2830 1791 3017 1857 μεῖξον
3049 1787 3482 1855 ἀνελαμϐάνετο,
3503 1803 3666 1852 ’τη-λι-

2062 1880 2239 1932 καῦτα
2299 1881 2361 1934 τὸ
2411 1881 2678 1952 πρότερον
2734 1882 3064 1945 παρεδίδουο
3107 1880 3297 1951 ὥσπερ
3344 1879 3400 1931 si
3429 1897 3526 1940 τις
3577 1878 3669 1945 ἐφ’

2066 1973 2301 2039 ίματῐων
2352 1974 2558 2026 καινῶν
2614 1973 2817 2043 ἀμοιϐῇ
2869 1973 2948 2043 τῷ
2983 1973 3231 2044 ὑπηρέτῃ
3283 1973 3352 2024 τὰ
3401 1973 3670 2040 πρότερα

2064 2063 2269 2116 δίδωσι.
2307 2065 2448 2125 Τοὺς
2494 2064 2540 2117 δ’
2589 2066 2926 2127 ἀποστόλους
2954 2065 3086 2134 όρᾷν
3123 2064 3239 2115 ἐστι
3273 2063 3369 2115 καὶ
3420 2060 3506 2130 τῷ
3555 2059 3670 2128 βεεν

2068 2157 2355 2226 περιόντας
2383 2156 2463 2209 ἔτι
2499 2158 2557 2212 τὸ
2584 2158 2830 2228 χάρισμα
2859 2156 3146 2228 νέμοντας.

2141 2441 2200 2492 Ei
2254 2441 2310 2493 δὲ
2359 2440 2420 2493 τὸ
2455 2440 2649 2507 διπλῆν
2699 2441 2820 2492 ἐκεῖ
2877 2438 3295 2508 παρασχεθῆναι
3347 2434 3448 2504 τὴν
3496 2437 3674 2502 χάριν

2069 2534 2210 2602 μέγα
2243 2533 2410 2598 δοκεῖ,
2446 2533 2570 2603 μηδ’
2615 2531 2920 2593 Ἐλισσαῖος
2955 2531 3031 2593 ὡς
3078 2524 3158 2592 εἷς
3192 2529 3556 2598 παραδράμῃ.
3597 2529 3670 2578 ΤΞ

2065 2626 2174 2693 γὰρ
2207 2625 2272 2693 δὴ
2319 2624 2532 2694 φήσεις,
2575 2622 2640 2676 ἃν
2686 2622 2918 2692 μυρίους
2961 2622 3203 2689 Πέτρους
3249 2623 3344 2673 καὶ
3381 2620 3666 2681 ﬂatile-ar,

2071 2723 2216 2789 λέγω
2249 2721 2313 2791 δὴ
2355 2719 2477 2774 κατ’
2505 2719 2703 2780 αὐτοὺς
2733 2718 2974 2780 ἐκείνους
3022 2716 3091 2770 δι’
3125 2717 3349 2769 ἐκείνων
3379 2715 3667 2775 λαεόντας

2077 2815 2189 2884 ἴδῃς
2227 2813 2289 2865 τὸ
2330 2812 2607 2882 χάρισμα;
2641 2810 2794 2880 πόσῳ
2822 2827 2904 2863 σοι
2931 2808 3338 2862 πολλαπλάσιον
3370 2806 3666 2874 θαυμάσαι

2075 2904 2236 2958 τοῖ’ιό
2262 2904 2474 2956 ἐκείνου
2504 2903 2890 2971 προκείσεται;
2921 2901 3032 2954 Καὶ
3076 2900 3182 2967 μὴν
3212 2900 3437 2952 κάκεῖνο
3465 2899 3666 2965 μεῖζον

2075 2996 2137 3048 τὸ
2157 2995 2264 3047 τῶν
2292 2993 2607 3047 ἀποστόλων
2634 2993 2984 3063 παρίστησιν,
3020 2988 3212 3051 Ἠλίας
3231 2989 3327 3056 μὲν
3353 2988 3464 3057 γὰρ
3500 2987 3667 3053 μόλις

392 3084 599 3136 ιιίιιΙιηε
629 3097 817 3151 preces
852 3081 1123 3150 discipulo
1175 3082 1406 3151 gratiam
1457 3082 1590 3137 dare
1635 3082 1829 3136 annuit
1862 3096 1877 3148 ;
1916 3090 1969 3134 at

2075 3086 2424 3156 αἰτησαμένῳ
2445 3085 2522 3154 τῷ
2563 3084 2777 3155 μαθητῇ
2804 3083 2903 3155 τὴν
2932 3084 3092 3154 χάριν
3137 3082 3429 3135 ἐπένευσεν
3452 3096 3468 3110 ο
3509 3095 3670 3130 ουτοι

395 3175 488 3228 isti
519 3173 689 3228 cﬂ'use
742 3171 1138 3244 largiebantur,
1175 3171 1389 3225 etiamsi
1423 3186 1586 3225 nemo
1642 3171 1964 3241 postularet.

358 3323 364 3336 ,
398 3265 580 3320 Testis
614 3266 810 3319 borum
864 3263 1091 3316 multam
1126 3263 1662 3318 verisimilitudinem
1726 3262 1970 3332 undique

395 3360 675 3414 asciscens
721 3366 827 3421 est,
888 3356 1139 3411 homines
1234 3369 1401 3426 supra
1478 3356 1702 3410 modum
1765 3356 1971 3426 majore

395 3450 596 3521 gratia,
631 3463 793 3519 quam
829 3447 883 3502 in
917 3447 1031 3517 lege
1065 3447 1302 3504 donatos
1335 3462 1478 3502 esse.
1522 3447 1708 3516 Itaque
1733 3449 1968 3518 apostoli

393 3553 450 3595 et
483 3543 644 3596 modo
694 3540 1210 3595 communicationis
1240 3547 1295 3594 ct
1342 3540 1694 3594 multitudine
1747 3540 1972 3610 partit-i-

394 3636 669 3706 pantimn,
718 3636 1032 3704 superiores
1066 3643 1243 3688 sunt:
1305 3647 1483 3702 neque
1525 3632 1672 3686 enim
1733 3630 1973 3686 necessi-

397 3739 512 3783 tate
572 3737 824 3798 urgente,
892 3742 1067 3796 ncque
1130 3726 1350 3796 aliquo,
1407 3734 1666 3794 tauquam
1723 3722 1970 3777 debitum

395 3827 690 3889 ex'gente,
743 3815 1059 3872 tribuebant
1106 3817 1174 3871 iis
1208 3855 1223 3877 ,
1290 3815 1495 3886 quibus
1545 3813 1969 3876 ministrabant,

400 3917 629 3982 gratiam
666 3931 678 3978 ;
715 3919 767 3965 ct
803 3920 859 3964 ut
896 3911 1082 3964 hocin
1123 3923 1322 3979 genere
1381 3908 1570 3978 plures
1603 3905 1706 3961 sibi
1763 3904 1971 3960 similes

397 4008 695 4068 i-ﬂirerent,
750 4000 1200 4059 honoriﬁcentius
1257 4011 1312 4056 et
1381 4001 1572 4056 utilius
1650 3999 1970 4063 censebant,

395 4113 558 4165 quam
593 4104 650 4147 ut
679 4095 781 4164 ipsi
807 4095 908 4149 soli
941 4093 1197 4148 omnibus
1225 4093 1620 4162 prmcellerent.
1646 4091 1970 4159 Quanquam

395 4188 782 4256 percellebant
815 4200 1054 4258 quoque,
1097 4182 1192 4241 scd
1220 4202 1329 4240 non
1362 4194 1420 4239 ut
1443 4185 1638 4254 prius;
1671 4199 1792 4238 cum
1824 4183 1969 4236 enim

397 4292 531 4333 tunc
562 4279 740 4334 nullos
773 4272 1019 4332 subditos
1072 4276 1371 4341 haberent,
1424 4291 1570 4330 nunc
1629 4273 1827 4341 insigni
1883 4287 1975 4326 eo-

399 4390 519 4426 rum
552 4371 902 4428 multitudine
957 4368 1178 4440 gloriari
1245 4369 1466 4432 licebat,
1508 4368 1858 4437 illustresque
1892 4365 1973 4419 ef-

397 4465 524 4522 fecti
556 4478 700 4527 sunt,
734 4479 842 4518 non
884 4463 1029 4532 quod
1065 4463 1274 4532 paucis,
1323 4460 1419 4516 sed
1465 4461 1611 4530 quod
1653 4459 1864 4528 magnis
1921 4468 1974 4512 et

398 4557 735 4612 admirandis
805 4555 1162 4624 imperarent.
1236 4551 1411 4608 Video
1471 4553 1638 4621 igitur
1696 4552 1974 4621 apostolos

401 4649 665 4720 Spiritum
724 4653 973 4701 sanetum
1041 4646 1481 4701 communicasse
1535 4645 1662 4711 illis,
1718 4645 1811 4711 qui
1874 4645 1975 4697 hoc

399 4755 628 4797 munere
660 4739 810 4807 digni
844 4745 1028 4791 erant.

479 4833 652 4886 Video
707 4830 992 4886 Simonem
1056 4845 1276 4898 quoque
1334 4844 1548 4897 magum
1609 4827 1892 4891 accedere,
1927 4838 1982 4880 ct

401 4927 668 4996 apostolis
703 4923 986 4993 pecuniam
1019 4923 1239 4989 on'erre,
1278 4931 1335 4975 ut
1372 4936 1554 4989 parem
1592 4935 1717 4974 cum
1767 4921 1980 4974 caeteris

403 5022 634 5089 gratiam
669 5025 1124 5084 consequeretur.
1157 5015 1275 5081 Qua
1310 5015 1362 5067 in
1398 5029 1456 5066 re
1501 5027 1677 5082 usque
1717 5010 1852 5066 adeo
1880 5011 1984 5064 im-

404 5111 678 5182 pudenter
722 5125 780 5163 se
815 5112 1005 5178 gessit,
1043 5115 1099 5160 ut
1124 5122 1284 5161 nemo
1314 5105 1455 5160 alius
1485 5104 1592 5160 tale
1639 5104 1768 5174 quid
1819 5117 1986 5158 ausus

402 5207 512 5260 iu's
544 5219 574 5259 c
608 5204 876 5267 videatur,
907 5202 950 5256 si
977 5201 1194 5269 quidem
1229 5198 1356 5253 illud
1383 5196 1624 5253 audacia;
1655 5195 1874 5250 nomine
1894 5209 1988 5249 vo-

403 5298 640 5353 candum
665 5307 768 5351 est.
830 5293 972 5360 Quid
1023 5309 1154 5364 ergo
1184 5293 1376 5348 Petrus
1399 5291 1423 5344 ?
1443 5289 1631 5361 Neque
1667 5290 1757 5346 hic
1784 5291 1988 5346 oblitus

407 5403 509 5451 est,
541 5407 597 5442 se
626 5405 748 5444 esse
794 5389 1051 5455 Petruzn;
1103 5387 1197 5442 sed
1259 5387 1396 5456 ipse,
1451 5395 1510 5440 ttt
1557 5386 1771 5456 primus
1840 5387 1986 5442 inter

407 5489 658 5537 czcteros,
690 5495 1013 5548 semperque
1041 5479 1156 5531 zelo
1185 5493 1284 5545 pro
1315 5477 1486 5548 gloria
1519 5476 1613 5533 Dei
1677 5479 1985 5533 inﬂamma-

410 5573 522 5627 tus,
581 5561 795 5630 Magum
853 5563 1013 5617 simul
1064 5580 1185 5618 cum
1244 5567 1475 5634 pecunia
1521 5566 1573 5619 in
1622 5568 1982 5635 perditionem

409 5651 582 5707 misit.
610 5654 819 5708 Etenim
855 5665 911 5708 ut
957 5657 1077 5712 aliis
1138 5661 1306 5728 pictas
1349 5670 1404 5715 et
1460 5661 1633 5715 virtus
1684 5659 1750 5713 ad
1806 5659 1981 5715 susci-

2070 3181 2125 3234 δὲ
2159 3181 2419 3250 παρεῖχον
2465 3175 2732 3245 ἀφθόνως,
2773 3174 2877 3228 κᾶν
2911 3175 3084 3227 ἐδεῖτο
3115 3173 3301 3243 μηδείς
3335 3189 3350 3203 ο
3379 3172 3476 3224 καὶ
3515 3187 3669 3237 μαρ-

2071 3273 2232 3342 τυρία
2266 3272 2331 3339 δὴ
2379 3271 2592 3334 τούτοις
2649 3268 2818 3322 ταῦτα
2871 3266 3106 3334 γίνεται,
3163 3265 3297 3319 πολὺ
3348 3265 3410 3317 τὸ
3463 3263 3673 3316 πιστίν

2072 3363 2409 3433 πανταχόθεν
2463 3360 2810 3429 ἐπαγομένη,
2872 3359 3115 3433 μεγίστῳ
3152 3355 3394 3425 μείζονος
3439 3354 3475 3424 ἢ
3512 3356 3670 3407 κατὰ

2072 3457 2198 3518 τοὺς
2247 3459 2304 3509 ἐν
2334 3454 2484 3524 νόμῳ
2521 3454 2619 3524 τῆς
2659 3453 2880 3522 χάριτος
2914 3451 3195 3528 ,ἠξιῶσθαι
3219 3489 3234 3511 ,
3265 3449 3534 3508 νικῶντας
3573 3447 3673 3499 διὰ

2073 3546 2292 3598 πάντων
2336 3545 2432 3597 καὶ
2479 3543 2558 3614 τῷ
2605 3543 2792 3610 τρόπῳ
2825 3542 2927 3612 τῆς
2980 3541 3346 3611 μεταδόσεως,
3399 3541 3497 3590 καὶ
3546 3538 3672 3588 τῶν

2076 3637 2483 3708 μετειληφότων
2527 3636 2606 3706 τῷ
2659 3635 2881 3707 πλήθει.
2929 3635 3041 3689 Καὶ
3089 3635 3197 3704 γὰρ
3255 3633 3368 3688 οὒτ’
3405 3631 3668 3698 ἀνάγκης

2073 3730 2428 3800 ἐπικειμένης
2479 3729 2600 3783 οὐδὲ
2649 3730 2819 3798 μιᾶς,
2876 3726 3004 3782 οὔτε
3065 3728 3214 3790 τινος
3284 3727 3361 3790 ὡς
3425 3725 3668 3793 ὀφειλὴν

2077 3822 2461 3889 ἀπαιτοῦντος,
2509 3815 2584 3876 ὧν
2621 3820 3000 3892 ὑπηρέτησαν,
3041 3818 3140 3888 τὴν
3186 3819 3347 3889 χάριν
3386 3819 3664 3878 ἐδίδοσαν,

2073 3916 2167 3968 καὶ
2198 3916 2259 3968 τὸ
2295 3915 2524 3977 πολλοὺς
2553 3913 2774 3984 ὁμοίους
2801 3914 3020 3974 ἑαυτοῖς
3054 3914 3195 3964 κατά
3220 3910 3380 3963 τοῦτο
3410 3911 3669 3977 προδεῦ-

2073 4006 2284 4070 λεσθαι,
2313 4005 2641 4076 τιμιώτερον
2665 4006 2760 4058 καὶ
2787 4004 3238 4073 λυσιτελέστερον
3260 3998 3418 4072 ἦγον,
3440 4001 3474 4070 ἦ
3506 4002 3668 4070 μόνοι

2075 4103 2298 4156 πάντων
2331 4102 2607 4171 προέχειν.
2642 4101 2752 4154 Καί
2782 4118 2865 4152 τοι
2898 4097 3178 4153 καὶτοῦτο
3216 4096 3522 4159 ποιοῦντες,
3557 4097 3667 4164 «Ox

2075 4192 2279 4262 ὁμοίως
2321 4193 2414 4246 καὶ
2449 4191 2685 4262 πρόσθεν
2725 4195 2999 4262 προεῖχον.
3035 4191 3170 4243 Τότε
3210 4189 3307 4257 μὲν
3348 4190 3457 4257 γὰρ
3502 4188 3668 4239 οὐδὲν

2079 4286 2220 4356 μέγα
2281 4285 2534 4355 ἐχόντων,
2579 4285 2699 4337 νυνὶ
2753 4283 2800 4336 δ’
2843 4284 2938 4336 ἐπὶ
2985 4282 3242 4352 μεγάλοις

2081 4374 2398 4446 μνύνεσθαι,
2439 4375 2535 4427 καὶ
2568 4372 2814 4442 λαμπροὶ
2859 4371 2923 4441 δή
2973 4388 3118 4432 τινες
3164 4370 3315 4430 ὅντες
3348 4369 3668 4421 ἐδείκνυντο

2067 4466 2176 4535 ὀὐχ
2230 4465 2313 4518 ὅτι
2370 4465 2585 4534 μικρῶν
2635 4464 2919 4531 ἄρχουσιν,
2975 4461 3092 4515 ἀλλ’
3125 4463 3207 4513 ὅτι
3262 4460 3512 4526 μεγάλων
3562 4461 3669 4509 καὶ

2081 4554 2438 4623 θαυμαστῶν.
2485 4553 2628 4623 Ὀρῶ
2665 4552 2760 4620 μὲν
2788 4547 2884 4604 οὖν
2913 4552 3041 4614 τοὺς
3071 4550 3404 4610 ἀποστόλους
3440 4551 3669 4615 μεταδι-

2079 4646 2267 4704 δόντας
2290 4648 2403 4708 τοῖς
2427 4644 2594 4709 ἀξίοις
2622 4643 2716 4697 τοῦ
2751 4642 3093 4713 [Ινεὺματος.

3291 4281 3525 4346 ἐχόντων
3573 4297 3669 4329 σε-

2169 4829 2312 4899 Ὀρῶ
2340 4828 2395 4881 δὲ
2422 4827 2517 4881 καὶ
2543 4827 2763 4896 Σίμωνα
2789 4825 3086 4894 προσιόντα
3110 4824 3199 4876 τόν
3227 4823 3401 4890 μάγον
3427 4822 3520 4873 καὶ
3547 4823 3663 4883 τοῖς

2085 4921 2407 4982 ἀποστόλοις
2440 4918 2793 4989 προτείνοντα
2837 4917 3120 4988 χρήματι,
3158 4915 3252 4966 τοῦ
3290 4913 3390 4981 τὴν
3412 4913 3535 4979 ῐσην
3562 4929 3664 4978 με·

2084 5015 2308 5082 τασχεῖν
2336 5013 2495 5081 χάριν
2535 5015 2645 5072 τοῖς
2691 5009 2894 5075 ἀλλοις,
2955 5009 3049 5061 καὶ
3097 5007 3158 5059 τδ
3216 5007 3446 5073 πρᾶγμα
3482 5004 3661 5065 οὓτως

2085 5104 2322 5166 ἀναιδῶς
2367 5103 2604 5170 δρῶντα,
2639 5102 2714 5163 ὡς
2759 5100 2935 5163 οὐδεὶς
2983 5099 3050 5153 ἀν
3104 5100 3423 5169 ἐτόλμησεν,
3473 5097 3581 5150 οὐδ’
3609 5099 3661 5148 εξ

2085 5195 2185 5264 τὴν
2234 5194 2439 5264 τόλμαν
2492 5195 2666 5254 εῖττοις
2715 5191 2908 5264 αὐτὴν.
2949 5191 3016 5243 Τί
3053 5189 3146 5243 οὖν
3183 5192 3212 5243 ὁ
3263 5191 3504 5257 11ἐτρο;;
3535 5188 3660 5242 Οὐδ’

2087 5289 2321 5344 ἐνταῦθα
2357 5287 2452 5341 τοῦ
2483 5287 2685 5356 Πέτρος
2715 5283 2855 5338 εἶναι
2886 5283 3306 5352 ἐπιλαθόμενος,
3339 5282 3454 5334 ἀλλ’
3481 5282 3553 5343 ὡς
3586 5281 3655 5334 ἄν

2087 5401 2169 5445 τις
2203 5381 2364 5442 αὐτὸς
2395 5381 2554 5450 μόνος
2595 5379 2692 5432 καὶ
2740 5378 2957 5446 πρῶτος
2988 5376 3099 5428 τῶν
3131 5374 3308 5427 ἀλλων
3340 5373 3430 5426 ἀεὶ
3460 5372 3657 5442 ζηλοῦν

2089 5473 2257 5537 ἀξιῶν
2283 5473 2424 5540 ὑπὲρ
2443 5471 2535 5524 τοῦ
2553 5470 2710 5535 Θεοῦ,
2739 5470 2872 5539 πρὸς
2898 5466 3172 5522 ἀπώλειαν
3199 5467 3290 5518 τόν
3323 5467 3499 5534 μάγον
3519 5461 3657 5532 ὁμςῦ

2091 5565 2454 5634 παραπέμπει
2488 5565 2562 5634 τῷ
2589 5563 2860 5634 ἀργυρίῳ.
2897 5563 3002 5614 Καὶ
3041 5561 3148 5629 γὰρ
3180 5559 3208 5612 ὃ
3233 5562 3344 5620 τοῖς
3385 5558 3562 5617 ἄλλοις
3589 5550 3657 5622 ἦν

2090 5657 2340 5707 εὐσέϐεια
2372 5657 2464 5706 καὶ
2514 5658 2684 5724 ἀρετὴ
2719 5656 2816 5724 τῆς
2849 5653 2941 5706 τοῦ
2995 5651 3308 5720 Πνεύματος
3349 5645 3650 5720 παρουσίας
