3992 6210
300 296 430 366 1081

297 413 613 484 ὲτοιμασία,
668 417 826 471 τοῦτο
877 421 1070 490 ἐκείνῳ
1123 423 1186 475 τὰ
1234 428 1515 495 χρήματα.
1567 433 1762 484 Καίτοι

295 508 471 561 ταῦτα
525 509 624 579 τὴν
686 510 848 580 χάριν
911 513 1156 580 πέφυκεν
1209 517 1409 582 ἕλκειν,
1463 521 1761 576 ἀπολέσθαι
1813 525 1879 579 ἂν

297 598 517 665 εὖξαιτό
544 618 625 662 τις
658 601 862 672 ἀρετῆς
908 604 1106 668 πόνους
1149 611 1244 662 καὶ
1289 610 1595 674 εὐσεϐείας,
1631 613 1752 677 ἐξὸν
1782 616 1878 668 σὺν

303 692 557 763 ῥᾳστώνῃ
591 695 852 763 χρήματα
889 695 1083 765 ἔχοντα
1113 697 1304 768 ὥσπερ
1338 702 1507 772 ἀγρὸν
1542 703 1572 774 ἢ
1609 707 1786 760 οἰκίαν
1815 707 1878 759 τὸ

303 783 529 852 Πνεῦμα
574 785 864 854 πρίασθαι.
910 787 1052 840 Ἀλλ’
1087 791 1113 842 ὁ
1157 793 1256 859 μὲν
1297 795 1534 863 χρηστὸς
1571 796 1664 850 καὶ
1714 815 1877 850 σπου-

302 875 447 937 δαῖος
503 876 642 944 ἀνὴρ
695 877 802 930 οὐδ’
843 877 909 931 ἂν
960 879 1150 934 όΰολοῦ
1209 883 1426 954 δεηθείη
1466 885 1612 956 πρὸς
1641 888 1701 941 τὸ
1757 890 1876 943 θεῖα

308 966 494 1018 λαϐεῖν
516 984 531 998 ο
565 971 589 1019 ὁ
612 969 664 1020 δὲ
691 971 926 1037 πονηρός
953 988 1010 1024 τε
1041 974 1134 1026 καὶ
1155 973 1378 1040 φαῦλος,
1399 975 1522 1029 ὅσον
1543 979 1714 1032 ταῦτα
1742 996 1874 1050 χρη-

302 1059 487 1127 μάτων
509 1059 679 1112 οἴεται
711 1061 964 1128 κτᾶσθαι,
1001 1064 1256 1118 τοσοῦτον
1289 1067 1467 1120 αὐτῶν
1501 1069 1713 1137 γίνεται
1743 1075 1874 1142 πορ-

302 1151 549 1217 ρωτάτω.
586 1151 771 1216 Οὕτως
807 1155 1066 1209 οὐδέποτε
1104 1161 1384 1228 κτήσεται,
1422 1160 1558 1215 ἀλλὰ
1602 1163 1706 1216 κᾶν
1739 1167 1872 1236 χρή-

301 1259 446 1307 ματα
496 1243 670 1306 διδούς
737 1247 910 1308 ἐστιν,
977 1248 1064 1300 ὅτε
1138 1251 1300 1320 χάριν
1357 1252 1660 1321 λαμϐάνειν
1716 1256 1869 1327 δοκῇ,

295 1333 554 1400 χρήματα
603 1335 702 1404 μὲν
735 1338 1006 1404 ἀπώλεσε,
1040 1342 1264 1410 χάριτος
1308 1343 1363 1396 δὲ
1391 1345 1494 1398 οὐκ
1539 1345 1752 1416 ἔτυχεν.
1800 1349 1865 1401 Ἢ

297 1425 404 1493 γάρ
430 1425 494 1478 ἂν
522 1427 642 1480 οὐδὲ
679 1429 895 1499 χάριςὴ
939 1432 1097 1501 χάρις
1127 1429 1215 1503 ἦν,
1254 1436 1365 1504 εῖγε
1397 1439 1694 1506 χρημάτων
1738 1441 1872 1493 ἀπο-

296 1515 538 1570 δίδοσθαι
567 1520 772 1589 ταύτην
803 1539 885 1586 τις
915 1519 1082 1595 εἶχεν,
1117 1525 1252 1579 ἀλλὰ
1304 1531 1378 1597 μὴ
1411 1532 1613 1599 προῖκα
1643 1530 1866 1585 διδόναι.

366 1695 476 1748 Καὶ
509 1696 572 1766 δὴ
602 1699 693 1751 καὶ
713 1699 740 1751 ὁ
765 1700 832 1754 τὰ
862 1692 1073 1771 μεγάλα
1109 1704 1242 1774 πρὸς
1264 1705 1402 1760 Θεοῦ
1431 1707 1757 1776 λαμϐάνειν,
1794 1710 1870 1775 ὣς

1292 313 1698 378 ENCOMIUM
1747 320 1847 381 SS.
1880 323 2104 385 PETRI
2149 327 2244 387 ET
2276 329 2524 393 PAULI.

3409 338 3547 409 108‘2
3607 367 3610 369 ’

1823 437 1946 508 εἰΑ
1976 439 2230 506 piendum
2271 443 2536 512 Spiritum
2582 455 2827 501 sanctum
2881 457 3202 518 prmparatio
3257 470 3406 523 erat,
3469 463 3542 515 ita

1981 530 2109 583 huiu
2141 536 2394 600 pecunia.
2445 535 2764 604 Quanquam
2798 539 2841 592 si
2884 543 3106 608 pecunia
3144 545 3281 600 hanc
3314 550 3541 613 gratiam

1979 621 2271 675 conciliare
2304 626 2465 688 solet,
2516 626 2785 680 intereant
2835 641 3049 698 Oportet
3094 649 3282 690 omnes
3325 639 3542 692 virtutis

1975 720 2030 763 et
2062 713 2277 778 pietatis
2327 715 2771 778 exercitationes,
2831 720 3050 786 quando
3110 723 3321 791 ei,-qui
3383 742 3544 794 pecu-

1975 802 2172 856 niosus
2209 811 2313 868 est,
2364 803 2628 871 Spiritum
2688 818 2935 863 sanctqu
2971 827 3092 865 cum
3125 816 3306 882 quiete
3360 830 3542 871 emere

1978 894 2119 956 licet,
2161 909 2266 947 non
2329 909 2490 950 secus
2549 912 2612 949 ac
2673 911 2862 968 agrum
2906 913 2997 954 aut
3036 905 3281 962 domum.
3333 909 3400 962 At
3461 909 3546 961 vir

1974 979 2151 1034 bonus
2182 991 2235 1035 et
2301 979 2706 1043 industri-usue
2769 991 2929 1044 obolo
2992 995 3209 1062 quidem
3245 997 3310 1051 ad
3361 999 3542 1054 divina

1975 1071 2113 1124 dona
2143 1077 2506 1145 comparanda
2535 1077 2759 1146 indiget.
2826 1079 3111 1152 Improbus
3150 1103 3281 1140 vero
3334 1100 3542 1158 quanto

1975 1163 2093 1232 plus
2131 1179 2475 1220 nummorum
2511 1183 2567 1222 se
2599 1172 2878 1237 possidere
2913 1183 3181 1241 autumat,
3226 1188 3374 1233 tanto
3425 1181 3544 1234 lon-

1973 1253 2091 1320 gius
2126 1254 2330 1308 abillis
2378 1266 2683 1325 separatur.
2744 1259 2834 1314 Sic
2894 1280 3169 1334 nunquam
3223 1271 3540 1336 possidebit.

1971 1342 2074 1396 Sed
2131 1346 2380 1412 quamvis
2429 1350 2686 1415 pecunias
2740 1353 2932 1421 gratiae
2989 1356 3318 1423 accipienda:
3373 1375 3538 1416 causa

1970 1436 2310 1504 expenderit,
2363 1447 2418 1491 et
2465 1441 2724 1508 pecunias
2783 1444 3039 1512 perdidit,
3069 1453 3124 1500 et
3171 1451 3398 1518 gratiam
3436 1468 3540 1506 non

1971 1527 2230 1582 obtinuit.
2268 1527 2378 1584 Nec
2413 1533 2586 1599 gratia
2644 1533 2808 1589 fuerit
2861 1539 3124 1606 gratia,si
3181 1556 3289 1596 non
3349 1545 3540 1613 gratis,

1969 1619 2064 1672 sed
2111 1621 2354 1686 pecuniis
2390 1623 2553 1678 alicui
2585 1627 2940 1682 concedatur.

2042 1709 2280 1767 Tametsi
2313 1729 2457 1783 saepe
2513 1718 2803 1789 contingit,
2841 1731 2898 1776 ut
2945 1724 3034 1792 qui
3073 1726 3285 1796 magnis
3319 1728 3475 1782 donis
3511 1746 3540 1784 τι

290 1804 346 1840 τι
395 1790 503 1842 τῶν
560 1792 797 1846 εὐτελῶν
851 1795 1224 1866 λογιζόμενος,
1278 1801 1556 1871 καθειρεῖν
1612 1806 1862 1873 πειρᾶται

1978 1804 2086 1857 Deo
2143 1807 2454 1862 cumulatus
2500 1819 2602 1874 est,
2661 1826 2721 1865 ea
2776 1821 3052 1881 extenuet,
3108 1827 3163 1872 et
3227 1820 3306 1872 sic
3371 1821 3536 1876 Deum

291 1882 442 1934 Θεὸν.
475 1887 603 1937 Δέον
623 1889 718 1941 καὶ
739 1891 853 1952 τοῖς
876 1891 1088 1944 ἐκεῖθεν
1114 1895 1354 1962 μικροῖς,
1383 1896 1437 1948 εἴ
1455 1913 1505 1948 τι
1530 1895 1638 1948 τῶν
1660 1897 1870 1951 ἐκείνου

291 1975 565 2040 τοιοῦτον,
600 1979 674 2042 ὡς
714 1981 997 2049 μεγίστοις
1035 2002 1092 2036 τε
1123 1987 1218 2038 καὶ
1253 1988 1604 2056 τιμιωτάτοις
1635 1990 1871 2057 προσφέ-

303 2071 516 2138 ρεσθαι,
544 2073 677 2128 ἀλλὰ
703 2077 863 2147 μάγῳ
885 2077 990 2130 τῶν
1007 2079 1271 2133 τοιούτων
1296 2079 1514 2143 σύνεσις
1537 2076 1604 2152 ἦν
1623 2082 1868 2151 οὐδεμία.

298 2166 710 2245 Εὑενδότῳλμέν
744 2167 857 2234 οὗν,
895 2172 990 2224 καὶ
1033 2173 1283 2240 μαλακῷ.
1321 2176 1415 2229 καλ⁸
1451 2174 1741 2244 καπηλικῷ
1779 2175 1871 2226 τὸν

292 2262 493 2331 τρόπον
525 2261 676 2333 ᾠήθη
709 2262 1010 2335 τῷΙΠέτρῳ
1039 2265 1224 2334 Σίμων
1259 2266 1604 2331 ἐντεύξεσθαι
1625 2281 1641 2299 ⁶
1674 2266 1872 2336 ᾔσθετο

291 2351 338 2404 δ’
385 2353 617 2421 ἀσφαλεῖ
677 2355 998 2423 προσϐαλὼν
1049 2359 1144 2411 καὶ
1165 2357 1448 2428 άρῤἡκτῳ,
1506 2359 1601 2410 καλ⁹
1659 2359 1870 2428 φανερά

295 2444 480 2513 ἔργοις
519 2445 787 2516 τιθεμένῳ
817 2447 913 2517 τὴν
949 2448 1140 2516 κλῆσιν
1165 2467 1176 2480 ο
1218 2451 1447 2519 μάταιος
1479 2449 1786 2519 ἄνθρωπος,
1822 2452 1869 2502 εὶ

295 2535 423 2604 μήθ’
446 2535 524 2588 ὅτι
575 2539 856 2604 κρείττους
913 2540 1210 2606 χρημάτων
1237 2542 1282 2592 οῑ
1311 2539 1596 2592 ἀπόστολοι
1629 2544 1867 2593 συνεῖναι

292 2622 428 2698 εἷχε,
460 2629 554 2681 καὶ
597 2631 629 2697 ἡ
662 2629 841 2700 χάρις,
877 2629 950 2690 ὠς
979 2632 1039 2683 οὐ
1081 2631 1287 2693 δοῦλον,
1341 2632 1478 2684 ἀλλὰ
1533 2633 1640 2683 τῶν
1695 2632 1866 2684 ὄντων

287 2720 738 2792 ἐλευθερώτατον,
794 2722 959 2793 ῆὸτι
1015 2723 1148 2776 ποτέ
1199 2742 1283 2787 τις
1347 2725 1415 2778 ἂν
1475 2724 1622 2795 εὖροι
1680 2724 1866 2795 μεῖζον

288 2816 484 2868 εἰπεῖν.

380 3075 542 3130 Ἀλλὰ
579 3077 687 3143 γάρ
720 3073 925 3151 κείσθω
953 3075 1016 3148 δὴ
1045 3075 1169 3141 τοὺς
1203 3078 1530 3144 ἀποστόλους
1566 3079 1863 3152 χρημάτων

291 3172 448 3242 ἑρᾷν,
486 3169 651 3222 πόθεν
704 3171 781 3230 εἰς
835 3169 959 3222 νοῦν
1006 3170 1166 3223 τοῦτό
1214 3189 1276 3238 γε
1319 3173 1504 3225 λαϐεῖν
1539 3174 1860 3244 ἐτόλμησεν,

284 3263 365 3315 ὃτι
401 3261 536 3314 Θεοῦ
568 3262 728 3330 χάριν
757 3260 1055 3330 χρημάτων
1081 3261 1382 3332 ὠνήσεταις
1423 3261 1512 3324 Ὠς
1543 3262 1670 3332 ἡδὺς
1697 3259 1764 3332 ἦν
1814 3267 1862 3316 εἰ

284 3353 500 3420 πνεῦμα
545 3353 666 3418 μὲν,
695 3351 761 3404 ἂν
814 3353 1122 3420 αὐτόματον
1172 3353 1245 3421 μὴ
1279 3353 1438 3424 πλέῃ,
1474 3353 1664 3424 βορέου
1699 3355 1862 3424 τυχὸν

283 3445 316 3515 ἢ
346 3445 523 3508 νότου,
557 3442 678 3512 μηδ’
713 3443 780 3496 ἂν
829 3443 974 3506 ὅσοις
1012 3443 1215 3507 κόσμος
1258 3444 1374 3513 ἔχει
1423 3445 1673 3515 χρήμασι
1710 3463 1862 3514 κινη-

286 3536 467 3603 θῆναι,
499 3535 596 3602 τὴν
645 3534 702 3585 δὲ
756 3534 906 3586 θεέαν
959 3533 1264 3599 ἐπίπνοιαν,
1300 3537 1398 3605 τὴν
1430 3537 1523 3588 καὶ
1557 3535 1711 3588 τοῦδε
1765 3535 1859 3590 τοῦ

286 3627 602 3695 11νεὺματος
647 3627 995 3695 παρακτικὴν
1041 3627 1134 3679 καὶ
1187 3628 1477 3698 κινητικὴν
1510 3629 1705 3696 οἰκτρά
1739 3647 1860 3680 τινα

283 3719 541 3790 χρήματα
589 3717 913 3771 κατασαλὼν
969 3719 1291 3786 πορίσεσθαι
1343 3721 1594 3789 ἦλπισεν.
1655 3720 1859 3772 Ἐδόκει

283 3827 345 3880 γε
399 3812 505 3879 μὴν
548 3810 577 3862 ό
631 3811 1052 3879 μεγαλέμπορος
1094 3809 1340 3880 ἁσμένην
1389 3813 1501 3873 τοῖς
1541 3811 1860 3874 ἀποστόλοις

279 3904 379 3974 τὴν
416 3901 686 3972 ἐμπορίαν
720 3901 868 3972 αὐτῷ
908 3904 1262 3970 γενήσεσθαι,
1299 3903 1392 3955 καὶ
1424 3903 1522 3973 τὴν
1571 3920 1859 3973 προσαγω-

277 4003 381 4065 γὴν
411 3996 518 4050 τῶν
550 3996 847 4067 χρημάτων
873 3997 1257 4066 προχωρήσειν
1289 3996 1670 4066 εὐπρόσωπον·
1703 4015 1856 4050 πτω-

275 4091 359 4158 χοὶ
387 4091 495 4155 γάρ
527 4085 607 4152 οἷς
633 4087 808 4142 ταῦτα
838 4090 1168 4158 προσήγετο,
1200 4088 1291 4140 καὶ
1317 4089 1616 4157 χρημάτων
1640 4089 1858 4151 πάντως

276 4182 308 4251 ἢ
340 4181 477 4250 τάχα
521 4181 792 4251 δεόμενοι.
843 4180 1137 4234 Ἑλάνθανε
1176 4182 1232 4233 δὲ
1273 4181 1458 4246 αὑτὸν,
1496 4181 1572 4243 ὡς
1605 4183 1856 4235 ἐντεῦθεν

276 4275 486 4336 τούτοις
510 4276 567 4327 τὸ
617 4273 908 4338 πένεσθαι,
963 4276 1026 4325 ἐκ
1056 4273 1152 4328 τοῦ
1204 4274 1371 4344 μηδὲν
1423 4275 1575 4342 παρὰ
1628 4275 1857 4345 μηδενὸς

273 4364 578 4433 λαμϐάνειν
607 4366 924 4436 ἀνέχεσθαι.
967 4366 1031 4420 Εἰ
1083 4365 1190 4436 γὰρ
1223 4367 1344 4418 κατ’
1369 4367 1538 4438 ἄνδρα
1583 4368 1692 4420 τῶν
1720 4368 1857 4434 λαμ-

275 4456 548 4508 6ανόντων
600 4455 660 4509 τὸ
713 4457 960 4526 χάρισμα
1021 4456 1261 4510 τοσαῦτα
1319 4458 1549 4522 τούτςις.
1606 4460 1706 4513 ὅσα
1764 4461 1857 4512 καὶ

276 4546 480 4612 Σίμων,
515 4545 781 4607 ἐδίδοσαν,
815 4546 928 4597 οὐδ’
961 4545 1028 4598 ἂν
1058 4548 1292 4616 πτωχῶν
1323 4549 1480 4612 δόξαν
1510 4549 1703 4603 ἔλαϐον
1731 4553 1857 4620 παρ’

275 4635 442 4703 αὐτῷ,
481 4635 514 4703 ἦ
548 4638 659 4688 τῶν
688 4636 900 4688 ἐκείνου
936 4637 1073 4704 πρὸς
1108 4640 1300 4708 χρείαν
1339 4641 1499 4711 ἥκειν
1543 4641 1712 4703 τινός.

359 4726 501 4778 Ἀλλ’
531 4729 560 4780 ὁ
592 4729 691 4796 μὲν
743 4729 928 4798 Σίμων
963 4731 1105 4783 οὓτω
1137 4735 1230 4785 καί
1267 4736 1473 4804 Πέτρου
1522 4735 1728 4802 φαῦλον
1767 4751 1857 4803 φι-

276 4816 578 4888 λαργυρίας
612 4814 746 4889 ἦθος
779 4825 1212 4892 κατεμαρτύρει,
1248 4823 1342 4878 καὶ
1381 4826 1444 4878 τὸ
1476 4825 1699 4892 Πνεῦμα
1737 4825 1858 4878 δοῦ-

275 4909 366 4962 λον
409 4913 501 4963 καὶ
551 4913 745 4980 μάγων
788 4911 982 4982 ἤλπισε
1035 4916 1303 4982 γίνεσθαι.
1358 4916 1561 4984 Πέτρος
1611 4918 1658 4969 δ’
1711 4911 1856 4988 ὑπὲρ

273 5005 468 5058 ἑαυτοῦ
506 5009 605 5077 μὲν
636 5011 740 5062 κᾶν
766 5011 1030 5077 συνέγνω,
1062 5010 1160 5082 τὴν
1180 5011 1236 5063 δὲ
1257 5012 1401 5064 κατὰ
1424 5012 1520 5065 τοῦ
1542 5014 1856 5084 Πνεύματος

276 5099 398 5151 οὐδὲ
443 5101 642 5170 μέχρις
675 5102 848 5169 ἀκοῆς
900 5104 1181 5173 ὐπήνεγκε
1237 5104 1610 5174 βλασφημίαν.
1656 5105 1796 5158 Ἀλλ’
1829 5109 1856 5158 ὁ

272 5193 444 5246 πάλαι
475 5197 606 5247 ποτὲ
639 5195 825 5257 ἁλιεὺς
854 5199 942 5249 καὶ
974 5199 1140 5251 πάλιν
1171 5199 1358 5262 ἁλιεὺς
1390 5199 1592 5268 ἀγαθὸς
1620 5200 1852 5267 γίνεται,

273 5289 366 5338 καὶ
412 5290 476 5356 τῇ
525 5288 743 5360 τριαίνῃ
789 5291 887 5359 τῆς
944 5292 1219 5354 ἀπωλείας
1273 5292 1364 5344 τὸν
1393 5293 1544 5356 ἄξιον
1578 5292 1853 5357 ἀπωλείας

273 5377 454 5449 βαλὼν
504 5380 722 5447 ἄφυκτα
759 5385 1094 5453 περιπεὲρει.
1139 5386 1250 5454 Οὐχ
1289 5385 1370 5436 ὅτι
1409 5386 1517 5456 γὰρ
1566 5384 1842 5450 ὠνεῖσθαι,

269 5472 489 5536 πάντως
526 5473 582 5525 δέ
616 5462 723 5527 που
748 5477 838 5532 καὶ
870 5479 1346 5548 μεταπιπράσκειν
1385 5479 1483 5548 τὴν
1514 5479 1679 5548 χάριν
1711 5477 1853 5545 ἔγνω

268 5561 672 5633 διανοοῦμενον.
734 5569 795 5620 Et
853 5572 961 5640 γὰρ
1024 5571 1175 5635 ἄξιος
1222 5566 1380 5632 οὗτος
1427 5573 1706 5634 ἀπωλείας
1758 5574 1850 5626 καὶ

270 5659 506 5727 πρόσθεν
534 5656 620 5713 οἷα
655 5665 776 5724 ταῖς
808 5665 1085 5734 γοητείαις
1116 5665 1348 5727 πολλοὺς
1388 5665 1844 5734 ἐξανδραποδιζό-

273 5768 453 5818 μενος,
487 5754 582 5822 τὴν
623 5757 711 5807 ἐπὶ
754 5759 960 5824 ταύτην
1002 5761 1209 5826 ἠγεῖτο,
1256 5759 1436 5812 πόσων
1478 5760 1716 5826 ὀλέθρων
1745 5759 1846 5812 οὐκ

1974 1897 2130 1964 quasi
2161 1897 2227 1951 de
2257 1898 2455 1953 throno
2493 1899 2787 1958 deturbare
2833 1913 3023 1972 tentet,
3079 1924 3202 1962 eum
3240 1910 3448 1974 deceat,
3485 1917 3543 1966 ut

1974 1999 2024 2040 ct
2066 1989 2262 2056 exigua
2297 1991 2438 2045 dona
2471 1993 2688 2050 caelitus
2714 1995 2839 2049 data
2881 1999 2948 2069 (si
2979 2000 3108 2069 quid
3157 2009 3336 2056 tamen
3375 2004 3539 2071 hujus

1974 2078 2192 2140 generis
2223 2080 2478 2148 exiguum
2520 2082 2624 2154 est)
2657 2094 2910 2155 tanquam
2942 2090 3175 2144 maxima
3234 2101 3288 2145 et
3340 2094 3542 2162 pretio-

1973 2167 2188 2222 sissima
2265 2181 2637 2239 acceptemus.
2699 2176 2803 2231 Sed
2859 2178 3044 2232 talium
3107 2182 3290 2236 nullus
3346 2199 3540 2239 sensus

1972 2268 2088 2314 erat
2113 2274 2293 2331 mago,
2321 2263 2414 2332 qui
2441 2277 2567 2316 cum
2602 2266 2762 2322 Petro
2786 2283 3136 2339 congressus,
3168 2274 3539 2340 existimabat,

1974 2365 2035 2404 se
2069 2350 2122 2404 in
2155 2350 2433 2407 hominem
2477 2353 2672 2422 facilis,
2703 2358 2884 2414 mollis
2929 2368 2985 2414 et
3013 2365 3330 2432 capponarii
3367 2366 3539 2420 animi

1974 2443 2250 2498 incidisse.
2295 2444 2400 2500 Sed
2427 2461 2550 2502 mox
2580 2448 2794 2515 didicit,
2850 2465 2911 2506 se
2954 2453 3242 2523 impegisse
3298 2456 3356 2510 in
3396 2458 3539 2511 invi-

1971 2542 2116 2588 ctum
2166 2543 2328 2606 atque
2400 2538 2897 2611 inexpugnabilem,
2959 2546 3155 2621 et_qni
3203 2547 3538 2604 vocationem

1971 2642 2128 2681 suam
2166 2629 2300 2696 ipsis
2335 2630 2492 2697 factis
2553 2632 2824 2700 probaret.
2880 2632 3218 2692 Vanissimns
3266 2638 3448 2701 homo.
3491 2641 3535 2694 si

1971 2721 2253 2788 apostolos
2309 2725 2559 2791 pecuniis
2609 2727 2919 2794 superiores
2969 2743 3091 2782 esse
3152 2745 3257 2784 non
3294 2731 3453 2796 vidit,
3483 2741 3539 2786 et

1970 2812 2140 2876 gratia
2169 2815 2303 2865 adeo
2337 2829 2444 2867 non
2478 2824 2560 2868 est
2600 2815 2704 2870 sub
2741 2817 3029 2881 Servitute,
3056 2826 3114 2872 ut
3157 2822 3396 2874 omnium
3449 2838 3539 2878 rc-

1969 2916 2090 2955 rum
2121 2905 2192 2958 sit
2235 2905 2534 2974 liberrima,
2602 2908 2683 2964 vel
2721 2909 2766 2965 si
2806 2908 2937 2981 quid
2995 2913 3172 2983 majus
3199 2929 3226 2968 a
3264 2931 3535 2985 quoquam

1968 2994 2074 3049 diei
2105 3004 2302 3064 potest.

2042 3086 2146 3141 Sed
2181 3089 2445 3148 faciamus
2493 3094 2772 3163 apostolos
2814 3095 3074 3165 pecunias
3099 3109 3358 3148 amasse:
3397 3092 3539 3148 unde

1969 3188 2148 3234 tamen
2177 3181 2307 3237 huic
2353 3184 2406 3237 in
2445 3194 2679 3240 mentem
2730 3187 2921 3242 venire
2956 3187 3131 3257 potuit
3183 3187 3272 3240 Dei
3307 3187 3536 3252 gratiam

1969 3273 2220 3341 pecuniis
2253 3276 2409 3329 emi'?
2439 3277 2623 3333 Bellus
2669 3280 2832 3334 homo
2861 3289 2999 3334 erat.
3057 3281 3113 3335 Si
3165 3279 3388 3349 spiritus
3441 3296 3534 3335 seu

1967 3376 2179 3429 ventus,
2199 3368 2471 3435 aquilonis
2511 3378 2637 3438 puta
2661 3381 2754 3423 aut
2783 3373 2979 3437 austri,
3000 3379 3190 3440 sponte
3215 3388 3321 3426 non
3348 3383 3534 3443 Splt't'l,

1967 3471 2070 3509 non
2113 3456 2298 3520 ﬂabit,
2341 3458 2466 3514 licet
2493 3460 2660 3516 totius
2693 3463 2876 3516 mundi
2908 3464 3172 3534 pecunias
3205 3465 3534 3534 pollicear-is.

1962 3549 2032 3602 At
2067 3564 2192 3603 vero
2223 3549 2465 3605 divinum
2503 3550 2734 3606 afﬂatum
2773 3564 2826 3608 et
2853 3555 3208 3623 spiraculum,
3237 3555 3381 3624 quod
3417 3555 3539 3624 Spi-

1964 3640 2128 3694 ritum
2161 3641 2365 3709 profert
2398 3652 2452 3698 et
2477 3654 2677 3706 movet.
2709 3647 2912 3702 oblatis
2948 3649 3167 3725 miseris
3199 3648 3534 3718 quibusdam

1967 3735 2268 3791 nummulis
2300 3752 2359 3791 se
2388 3737 2708 3808 adepturum
2732 3740 3005 3809 sperabat.
3035 3741 3426 3795 Arbitrahatur
3455 3739 3540 3793 ni-

1963 3828 2158 3881 mirum
2191 3829 2442 3898 egregius
2484 3831 2584 3888 iste
2613 3841 2912 3897 mercator,
2946 3833 3210 3901 apostolis
3259 3842 3537 3888 mereatu-

1914 3944 1918 3948 -
1961 3934 2076 3973 ram
2107 3934 2260 3974 suam
2289 3921 2610 3991 jucundam,
2665 3931 2719 3978 et
2777 3925 3112 3980 oblationem
3175 3925 3532 3995 pecuniarum

1962 4027 2220 4081 perquam
2297 4022 2506 4084 gratam
2579 4023 2975 4088 acceptamque
3043 4012 3201 4083 fore;
3272 4030 3538 4086 pauperes

1961 4104 2307 4172 euimerant,
2340 4105 2539 4174 quibus
2596 4108 2880 4176 pecuniam
2931 4107 3213 4173 offerebat,
3255 4115 3308 4161 et
3364 4121 3529 4176 pecu-

1961 4197 2170 4250 niarum
2204 4212 2366 4267 quam
2423 4198 2660 4252 maxime
2722 4199 2910 4268 indigi.
2963 4199 3030 4253 At
3091 4199 3333 4265 fugiebat
3382 4212 3535 4260 eum,

1961 4287 2153 4341 horum
2174 4296 2472 4359 egestatem
2507 4287 2633 4342 inde
2669 4289 2839 4352 nasci,
2869 4287 3012 4358 quod
3038 4288 3172 4342 nihil
3199 4303 3228 4341 a
3259 4301 3536 4358 quoquam

1961 4381 2207 4449 accipere
2233 4383 2590 4438 sustinerent.
2625 4380 2679 4435 Si
2730 4382 2876 4435 enim
2906 4381 3110 4436 viritim
3173 4395 3272 4450 pro
3306 4395 3540 4434 numero

1889 4485 1936 4542 ι)
1964 4488 2174 4536 eorum,
2219 4474 2310 4541 qui
2339 4471 2600 4543 Spiritum
2639 4483 2888 4527 sanctum
2940 4482 3285 4544 acceperant,
3320 4480 3533 4526 tantum

1962 4566 2320 4636 accepissent,
2358 4577 2622 4635 quantum
2656 4564 2918 4620 oﬂ'erebat
2968 4566 3180 4630 Simon,
3237 4566 3378 4620 haud
3433 4582 3529 4624 eos

1961 4673 2058 4728 pro
2090 4659 2298 4728 egenis,
2329 4669 2381 4712 et
2413 4657 2505 4727 qui
2546 4673 2644 4713 sua
2680 4673 2783 4726 ope
2808 4659 3387 4727 egerent,.habuisset.

2030 4750 2096 4804 Et
2125 4749 2344 4819 quidem
2381 4748 2569 4805 Simon
2597 4749 2742 4804 hunc
2779 4751 2830 4804 in
2865 4753 3083 4805 modum
3136 4760 3370 4806 testatus
3423 4761 3510 4808 est

1960 4842 2102 4910 quod
2134 4841 2353 4894 Petrum
2389 4855 2486 4908 pro
2525 4839 2703 4908 turpis
2735 4841 2870 4893 lucri
2902 4839 3102 4910 cupido
3129 4849 3183 4896 et
3236 4857 3401 4896 avaro
3450 4859 3514 4897 re

1959 4936 2182 5000 putarit,
2217 4931 2566 4999 speraritque
2595 4931 2858 5000 Spiritum
2892 4931 2946 4986 in
2989 4932 3306 4986 servitutem
3367 4933 3534 4986 etiam

1961 5022 2126 5094 Magis
2155 5023 2270 5076 dari
2305 5040 2486 5093 posse.
2519 5024 2586 5077 At
2612 5021 2804 5079 Petrus
2843 5024 3198 5080 commissum
3257 5026 3308 5079 in
3344 5041 3401 5081 se
3429 5025 3538 5078 cri-

1959 5131 2080 5168 men
2134 5115 2369 5169 libenter
2422 5117 2473 5169 ei
2542 5117 2892 5181 condonavit,
2957 5117 3347 5187 blasphemiam
3404 5131 3538 5170 vero

1959 5217 2146 5261 contra
2179 5209 2444 5277 Spiritum
2478 5224 2544 5262 ne
2576 5210 2642 5263 ad
2671 5224 2830 5263 aures
2879 5210 3096 5279 quidem
3144 5208 3401 5272 admisit;
3437 5206 3534 5259 ενδ

1955 5299 2045 5367 qui
2095 5298 2222 5352 olim
2286 5299 2526 5367 piscator
2592 5299 2787 5363 fuerat,
2871 5314 3018 5353 nunc
3075 5299 3270 5353 iterum
3323 5310 3535 5366 gnavus

1955 5389 2196 5456 piscator
2223 5386 2473 5451 efﬁcitur,
2504 5396 2559 5442 et
2590 5389 2825 5442 tridente
2852 5388 3178 5457 perditionis
3215 5386 3526 5452 perculsum

1955 5493 2075 5532 eum
2112 5482 2199 5548 qui
2231 5480 2427 5548 dignus
2452 5487 2570 5533 erat
2590 5479 2914 5549 perditione,
2941 5477 3323 5533 inevitabiliter
3346 5487 3525 5529 trans-

1955 5572 2087 5640 figit,
2116 5586 2220 5622 non
2251 5570 2426 5622 solum
2459 5569 2585 5634 quia
2638 5585 2839 5634 emere,
2875 5569 2969 5623 sed
3023 5577 3076 5622 et
3103 5569 3228 5636 quia
3280 5565 3526 5618 vendere

1953 5662 2180 5731 gratiam
2211 5660 2502 5730 cogitabat.
2551 5662 2606 5714 Si
2640 5661 2784 5714 enim
2831 5661 2933 5718 iste
2979 5661 3132 5728 prius
3165 5673 3383 5729 quoque
3410 5656 3518 5708 exi-

1953 5761 2025 5809 tio
2063 5755 2255 5822 dignus
2302 5753 2498 5814 fuerat,
2566 5754 2705 5820 quod
2767 5752 2949 5802 inullis-
2980 5768 3074 5821 per
3130 5750 3522 5806 fascinationes
