3992 6210
521 282 664 381 ιφςι

1762 284 2050 343 MAXIM!
2098 284 2473 347 PLANUDJE

3647 291 3800 397 105K.

521 417 653 454 suas
687 399 1032 465 dementatis,
1070 401 1136 456 ad
1165 401 1392 457 exilium
1451 403 1745 472 przeiverit,
1781 420 1914 472 quot
1960 405 2077 460 cxi-

2197 397 2261 452 ἂν
2287 402 2369 470 εῖη
2397 403 2490 454 νῦν
2518 401 2840 470 ἀξιώτατος,
2865 404 2924 468 ὃς
2948 423 3012 474 γε
3041 406 3141 478 τὴν
3165 405 3258 462 τοῦ
3279 407 3417 462 Θεοῦ
3448 409 3617 479 χάριν
3643 409 3787 464 οὕτω

525 493 616 548 liis
643 507 788 548 nunc
833 492 1186 562 dignissimus
1239 510 1346 549 non
1383 507 1488 560 est,
1540 496 1632 563 qui
1692 497 1930 550 divinam
1965 513 2086 569 gra-

519 585 649 637 tiam
683 587 754 637 ita
787 586 1032 638 venalem
1067 587 1325 652 somniat,
1354 587 1514 642 sicuti
1548 591 1599 642 in
1630 589 1748 642 foro
1775 605 1860 645 res
1879 570 2085 644 ‘venum

517 677 942 744 proponuntur?
978 677 1171 732 Verum
1227 679 1338 734 ltmc
1394 679 1618 746 Spiritui
1673 681 1866 750 magis.
1925 697 2086 749 quam

517 781 657 831 aqua
692 767 825 837 igni,
863 768 1323 824 adversabantur.
1356 771 1522 824 Porro
1550 786 1672 825 cum
1719 773 2085 838 erubesceret,

517 872 576 909 sc
608 857 673 909 ad
706 873 892 910 eorum
940 869 1164 922 emtum,
1198 862 1291 930 qui
1346 861 1553 932 Spiritu
1608 864 1756 933 digiti
1787 875 1964 926 erant,
1997 880 2088 934 ag-

515 962 762 1016 gregare,
803 948 1045 1006 audacia:
1089 965 1202 1006 suae
1235 952 1437 1022 absque
1490 969 1638 1009 mora
1698 970 1888 1024 pinnas
1942 955 2086 1010 luit:

519 1054 641 1091 nam
678 1039 811 1092 nihil
840 1039 990 1094 aliud
1027 1044 1290 1108 restabat,
1315 1060 1482 1114 quam
1526 1057 1583 1100 ut
1618 1047 1688 1112 is,
1726 1047 1814 1116 qui
1862 1063 1969 1102 non
2021 1063 2087 1102 et

518 1131 819 1199 ignorantia
879 1147 1055 1202 neque
1097 1133 1298 1204 impetu
1348 1137 1626 1206 abreptus,
1681 1139 1775 1193 sed
1834 1141 2088 1196 consulto

521 1222 772 1286 corisilio,
806 1230 861 1277 et
903 1238 966 1279 ex
1001 1227 1243 1280 versutia
1288 1237 1397 1283 tam
1449 1231 1666 1298 indigna
1725 1234 2084 1302 magnitudini

521 1314 717 1367 divina:
751 1314 1002 1372 aﬂricare
1027 1320 1354 1378 conabatur.
1381 1321 1434 1374 iu
1473 1324 1699 1377 exitium
1752 1327 2084 1381 mitteretur.

521 1404 674 1472 Quod
706 1415 761 1462 et
801 1409 1000 1463 factum
1040 1424 1068 1464 a
1096 1409 1256 1468 Petro
1285 1414 1592 1483 justissima
1615 1417 1846 1485 judicio.

593 1498 782 1567 Itaque
809 1501 937 1554 licet
965 1502 1090 1571 quis
1136 1505 1466 1574 cogitatione
1489 1508 1553 1560 ad
1605 1507 1756 1562 Giczi
1816 1521 2085 1574 recurrat,

522 1587 709 1642 Simon
752 1607 907 1660 pmua
967 1593 1184 1663 dignior
1217 1600 1462 1665 exstitit;
1514 1615 1689 1668 neque
1727 1602 1871 1656 enim
1929 1604 2086 1656 simi-

520 1681 622 1734 lnm
665 1693 916 1738 eventum
961 1685 1172 1749 habuit.
1215 1691 1308 1759 qui
1343 1690 1483 1745 dona
1537 1691 1660 1762 Syri
1713 1696 1849 1749 male
1888 1697 2018 1750 emit
2053 1713 2066 1748 :

518 1785 645 1824 nam
683 1772 753 1827 ibi
788 1775 932 1831 alius
967 1787 1107 1837 erat.
1143 1780 1229 1834 cui
1266 1783 1602 1838 curationem
1629 1785 1847 1840 dederat
1876 1805 1890 1854 ;
1923 1789 2084 1851 alius,

515 1863 605 1927 qui
637 1874 946 1934 acceperat,
1004 1870 1202 1938 quibus
1251 1874 1448 1928 tertius
1492 1881 1884 1947 superveniens
1938 1882 2082 1936 Giezi

521 1971 747 2009 munera
783 1960 1016 2029 accepit,
1045 1977 1235 2017 verum
1274 1967 1621 2034 existimans,
1665 1986 1723 2026 se
1749 1987 1921 2041 neque
1960 1990 2089 2027 vcn-

517 2047 672 2112 derc.
709 2065 886 2120 neque
939 2068 1124 2110 emere
1175 2059 1448 2128 gratiam;
1486 2077 1664 2131 neque
1700 2064 1842 2118 enim
1907 2066 1953 2121 is
1999 2068 2088 2120 ille

514 2148 651 2202 erat,
711 2141 804 2209 qui
862 2143 1137 2211 dederat,
1189 2163 1370 2216 neque
1425 2152 1519 2217 qui
1579 2163 1907 2221 acceperat;
1969 2157 2086 2219 sed,

519 2240 711 2285 sanato
752 2231 864 2297 jam
911 2234 1071 2305 Syro,
1106 2239 1370 2301 accurrit,
1433 2252 1485 2294 ct
1518 2259 1742 2297 munera
1789 2245 1892 2300 sibi
1925 2248 2090 2316 depo-

515 2321 709 2387 poscit.
748 2321 878 2392 Qua:
929 2328 1111 2380 omnia
1173 2330 1373 2386 minori
1423 2329 1860 2401 reprehensioni,
1919 2354 2084 2408 quam

517 2414 818 2476 Simonem,
879 2417 1174 2473 obnoxium
1246 2421 1510 2478 indicant.
1576 2425 1902 2494 Quanquam
1995 2429 2083 2482 ille

517 2504 782 2569 pecunias
826 2509 1060 2577 accepit,
1094 2510 1180 2565 hic
1210 2511 1342 2566 dare
1373 2525 1658 2585 promptus
1705 2529 1843 2580 erat,
1875 2535 1983 2588 quo
2005 2523 2088 2584 tit,

517 2602 576 2645 ut
603 2594 748 2650 illius
775 2600 1008 2654 avaritia
1037 2600 1283 2657 deterior
1313 2621 1443 2660 esse
1491 2607 1761 2674 videatur,
1789 2625 1952 2680 quant
2002 2612 2090 2666 Si-

517 2689 699 2744 monis
761 2690 1059 2749 liberalitas
1137 2695 1408 2753 Cacterum
1461 2702 1725 2766 pecunias
1783 2717 1988 2769 amare,
2033 2712 2083 2757 et

519 2777 692 2833 Deum
735 2781 1074 2841 inlionorare
1106 2789 1265 2854 velle,
1301 2806 1497 2861 magno
1537 2794 1747 2848 distant
1780 2795 2086 2860 intervallo,

517 2880 572 2920 et
607 2882 812 2938 quanto
842 2875 947 2929 hoc
980 2881 1252 2946 posterius
1281 2882 1460 2948 priore
1494 2885 1823 2939 sceleratius
1874 2897 1930 2939 ct
1989 2891 2088 2939 an-

518 2961 737 3016 surdius
766 2971 870 3029 est,
903 2972 1056 3020 tanto
1084 2968 1248 3022 etiam
1275 2969 1465 3025 Simon
1504 2975 1696 3042 magis,
1721 2989 1883 3042 quam
1938 2975 2086 3030 Οἰοιὶ

520 3051 890 3108 inaledictioni
923 3055 1154 3113 idoneus
1175 3071 1314 3115 erat.
1363 3062 1526 3130 Atqui
1560 3064 1604 3118 si
1639 3063 1834 3119 Petrus
1891 3076 2081 3122 aucto-
2111 3085 2156 3150 (ς

519 3157 633 3195 rem
669 3144 831 3214 hujus
853 3146 1222 3215 improbitatis
1253 3151 1419 3208 simul
1453 3169 1580 3210 cum
1607 3156 1725 3226 ipsa
1765 3157 2087 3227 improbita-

521 3245 573 3287 te
602 3252 709 3290 non
751 3238 938 3292 statim
985 3242 1374 3309 oppressisset,
1413 3261 1576 3315 quam
1645 3249 1846 3305 multos
1915 3252 2091 3306 malus

518 3330 732 3385 dzeinon
787 3333 1053 3388 excitaret
1097 3336 1373 3402 Simones,
1424 3343 1642 3411 quando
1672 3345 1923 3411 necdum,
1971 3345 2094 3402 licet

518 3425 899 3480 conlcstimah
930 3428 1086 3483 initio
1114 3431 1396 3489 sauciatus
1449 3443 1502 3488 et
1558 3446 1886 3506 prostratus,
1942 3441 2096 3508 quie-

517 3532 671 3572 scere
704 3519 876 3583 novit,
905 3519 1078 3576 cladis
1110 3532 1345 3595 acceptae
1372 3541 1582 3583 memor
1607 3529 1620 3582 ι

591 3694 792 3750 Verum
828 3698 1132 3768 enimvero,
1155 3717 1262 3771 quo
1291 3706 1473 3763 oratio
1500 3705 1556 3763 in
1583 3723 1882 3779 prOgressu
1907 3727 2099 3782 prove-

522 3791 700 3853 nitur,
733 3792 861 3846 dum
888 3793 1179 3849 ostendere
1210 3797 1387 3867 cupit,
1416 3800 1562 3870 quod
1588 3811 1645 3856 et
1665 3803 1867 3872 saepius
1915 3817 2101 3862 osten-

515 3883 618 3944 dit.
650 3884 914 3952 apostolis
932 3886 997 3940 ad
1020 3885 1364 3956 largitionem
1394 3887 1524 3944 doni
1552 3890 1794 3948 ctelestis
1851 3895 2104 3954 suilieere

510 3977 690 4032 satam
721 3988 984 4028 manuum
1023 3975 1435 4046 impositionem
1472 3994 1487 4032 :
1537 3981 1631 4050 qui
1680 3982 1830 4036 enim
1877 3996 2102 4053 aspectu

509 4072 678 4116 erant
715 4053 922 4120 indocti
955 4108 969 4132 ,
999 4066 1215 4136 inglorii
1245 4076 1298 4123 et
1325 4069 1521 4140 egeni,
1556 4071 1646 4126 illa
1686 4073 1866 4131 ell'use
1891 4077 2101 4133 submi-

512 4158 832 4214 nistrabant
855 4200 869 4220 ,
903 4175 1024 4230 qua:
1059 4174 1157 4214 nec
1191 4161 1650 4232 sapientissimus,
1680 4179 1800 4231 nec,
1855 4169 1943 4224 cui
2011 4170 2096 4224 iu-

509 4266 707 4320 grntes
742 4268 906 4320 gazas,
930 4253 1126 4324 quibus
1160 4255 1296 4311 alios
1320 4256 1631 4324 superabat,
1664 4255 1933 4330 insignem
1979 4263 2097 4332 glo-

520 4348 653 4397 riam
690 4346 1048 4414 peperissent,
1087 4355 1347 4415 praestare
1382 4355 1614 4418 poterat.
1675 4349 1878 4406 Iterum
1934 4353 2080 4409 Deus

2198 493 2488 560 τυγχάνειν
2534 494 2841 564 ὠνείρωξεν
2877 497 3101 566 εὔωνον,
3147 500 3224 563 ώς
3260 502 3326 556 ἂν
3365 503 3420 554 εί
3449 519 3503 555 τι
3539 501 3654 555 τῶν
3695 502 3785 555 ἐπ’

2201 586 2406 654 ἀγορᾶς
2432 589 2697 658 κειμένων
2724 589 2925 656 ώνίωνς
2963 593 3126 646 Ἀλλὰ
3143 596 3252 664 γὰρ
3280 591 3348 665 ἤν
3376 596 3475 664 μὲν
3497 597 3608 648 τῶν
3632 597 3765 649 ἐραν

2194 679 2480 732 τιωτάτων
2527 680 2606 749 τῷ
2652 681 2935 752 Πνεῦματι
2981 689 3078 739 καὶ
3130 687 3330 756 μᾶλλον
3360 669 3582 757 η’ὖδωρ
3612 689 3775 757 πυρί·

2197 768 2360 822 αὑτὸν
2415 769 2472 822 δὲ
2528 772 2639 831 τοῖς
2690 770 2864 834 ἀξίοις
2919 773 3013 827 τοῦ
3076 775 3398 846 Πνεύματος
3462 777 3777 829 συντάττειν

2197 860 2554 930 ἀνασχυντῶν
2584 861 2742 931 δίκην
2785 864 2986 918 αὐτίκα
3031 866 3126 920 τοῦ
3160 867 3400 939 θράσους
3427 869 3654 937 ὑπεῖχε.
3686 870 3777 920 Τὸν

2196 953 2304 1023 γὰρ
2351 954 2450 1008 οὐκ
2481 955 2540 1021 ἐξ
2587 956 2830 1026 ἀγνοίας,
2884 958 3007 1012 οὐδὲ
3040 959 3524 1029 συναρπασθέντα,
3581 959 3699 1012 ἀλλ’
3726 962 3778 1011 kx

2196 1044 2452 1113 προνοίας
2478 1047 2572 1098 καὶ
2595 1047 2952 1118 πανουργίας,
2985 1048 3161 1110 οὕτως
3190 1049 3388 1115 ἀνάξια
3421 1050 3774 1118 προστρίὸειν

2195 1138 2260 1206 τῇ
2296 1138 2678 1208 μεγαλειότητι
2733 1143 3076 1212 πειρώμενον
3129 1141 3225 1195 τοῦ
3280 1141 3443 1202 Θεοῦ.
3487 1141 3685 1193 λοιπὸν
3720 1136 3779 1212 ἦν

2197 1229 2525 1284 ὐποῦἅλλειν
2577 1231 2810 1302 ὀλέθρῳ,
2867 1233 2896 1286 δ
2942 1234 3007 1304 δὴ
3077 1238 3172 1291 καὶ
3225 1235 3434 1305 Πέτρος
3488 1235 3675 1287 ποιῶν
3723 1238 3782 1288 si

2195 1322 2377 1376 δίκαια
2402 1323 2605 1394 κρίνων
2627 1324 2924 1380 ἐδείκνυτο.

2269 1497 2434 1550 Ὥστε
2467 1498 2569 1552 κᾶν
2597 1498 2692 1553 ἐπὶ
2726 1499 2820 1554 τὸν
2869 1501 3020 1564 Γιεζί
3057 1519 3142 1566 τις
3165 1503 3455 1574 ἁναδράμῃ
3492 1505 3576 1574 τῷ
3623 1505 3788 1573 λόγῳ.

2197 1589 2382 1655 Σίμων
2411 1591 2436 1641 ό
2459 1591 2616 1658 δίκην
2646 1593 2906 1660 ὑποσχεῖν
2936 1592 3279 1664 δικαιότερος
3303 1611 3316 1623 ’
3351 1597 3477 1648 οὐδὲ
3506 1599 3623 1665 γὰρ
3661 1605 3789 1665 πρς

2194 1679 2354 1747 ὃμοια
2386 1681 2675 1750 κεχώρηκε
2697 1685 2773 1752 τῷ
2796 1684 2987 1746 κακῶς
3007 1685 3262 1754 ὀναμένῳ
3287 1687 3398 1738 τῶν
3427 1687 3793 1755 δωρημάτων

2193 1771 2284 1824 τοῦ
2314 1772 2508 1837 Σύρου,
2548 1774 2696 1825 Ἐκεῖ
2720 1776 2829 1844 γὰρ
2852 1776 3012 1829 ἄλλου
3041 1776 3142 1845 μὲν
3166 1777 3332 1838 ὅντω;
3361 1778 3456 1830 τοῦ
3489 1780 3597 1848 τὴν
3632 1780 3794 1849 Bap:-

2191 1863 2352 1914 πείαν
2381 1863 2689 1934 ὀρέγοντος,
2725 1867 2853 1920 ἄλλο
2879 1867 2936 1919 δὲ
2970 1867 3065 1920 τοῦ
3094 1869 3500 1938 λαμϐάνοντος.
3547 1874 3742 1938 τρίτος
3765 1877 3790 1924 ό

2143 1955 2155 1962 ³
2189 1954 2336 2017 Γιεζὶ
2387 1957 2704 2024 παρεισδὺς,
2739 1958 2965 2026 ⁴εἰλήφει
3004 1959 3070 2012 τὰ
3127 1960 3297 2030 δίῖρα,
3357 1962 3459 2014 οὐκ
3513 1963 3791 2031 οἰόμενος,

2190 2043 2313 2096 οὒτε
2345 2047 2698 2112 πιπράσκειν,
2731 2047 2846 2100 οὔτ’
2878 2048 3133 2102 ὠνεῖσθαι
3156 2049 3253 2120 τὴν
3281 2050 3469 2122 χάριν.
3511 2053 3662 2105 Οὔτε
3690 2059 3790 2123 γὰρ

2190 2136 2349 2198 αὐτὸς
2385 2132 2452 2208 ἦν
2483 2140 2512 2190 ὁ
2554 2138 2730 2201 διδοὺς
2772 2140 2999 2209 ταύτην.
3046 2141 3161 2194 οὗθ’
3193 2143 3222 2193 ὁ
3261 2143 3576 2207 λαμϐάνων
3601 2163 3616 2175 ·
3663 2149 3794 2199 ἀλλὰ

2190 2229 2286 2280 καὶ⁹
2317 2227 2456 2295 μετὰ
2489 2227 2552 2280 τὸ
2588 2228 2847 2294 γενέσθαι
2879 2231 2955 2299 τῷ
2986 2231 3144 2300 Σύρῳ
3175 2233 3275 2301 τὴν
3306 2232 3630 2300 θερτπείαν
3680 2240 3796 2304 69.:-

2188 2318 2358 2385 λήσας
2391 2318 2527 2386 πρὸς
2570 2320 2632 2372 τὸ
2662 2320 2848 2374 λαϐεῖν
2880 2322 3094 2376 ἅπαντα
3138 2325 3354 2392 ἐκείνῳ,
3392 2330 3795 2397 μετριωτάτην

2189 2409 2222 2479 ἢ
2257 2409 2460 2476 Σίμωνι
2495 2409 2594 2478 τὴν
2617 2411 2956 2480 κατηγορίαν
2979 2413 3208 2479 είτάγει.
3251 2416 3361 2466 Καί
3399 2433 3485 2468 τοι
3524 2419 3795 2486 χρήματα

2188 2502 2394 2566 ἐκεῖνος
2429 2504 2528 2570 μὲν
2575 2504 2788 2568 ἐλσῦεν,
2840 2503 2995 2568 οὗτος
3028 2506 3084 2558 δὲ
3127 2506 3398 2576 παρέχειν
3430 2508 3670 2577 ἕτοιμος
3708 2507 3795 2579 ἦν,

2187 2593 2263 2654 ώς
2297 2594 2394 2664 τὴν
2427 2594 2636 2647 ἐκείνου
2677 2596 3055 2666 φιλαργυρίαν
3110 2597 3282 2667 χείρω
3330 2598 3522 2650 δοκεῖν
3562 2600 3670 2669 τῆς
3705 2602 3800 2654 τοῦ

2187 2685 2433 2752 Σίμωνος
2486 2681 2954 2756 ἐλευθερὶότητος.
3003 2687 3162 2740 Ἐστι
3223 2687 3268 2740 δ’
3306 2689 3368 2741 οὐ
3425 2691 3676 2760 μέ.ριον
3741 2697 3798 2743 τὸ

2191 2777 2356 2844 μέσον
2403 2775 2499 2829 τοῦ
2541 2793 2597 2828 τε
2637 2778 2897 2848 χρήματα
2956 2777 3158 2848 φιλεῖν,
3220 2781 3445 2833 καὶτοῦ
3513 2783 3612 2832 τον
3663 2786 3799 2835 Hs)»

2188 2867 2420 2937 ἀτιμοῦν
2464 2869 2790 2936 βούλεσθαι,
2826 2869 2943 2922 ἀλλ’
2974 2871 3085 2941 ὅσῳ
3117 2871 3212 2923 τοῦ
3249 2873 3530 2941 προτέρου
3577 2875 3647 2926 τὸ
3677 2877 3799 2927 δεύ-

2187 2974 2348 3026 τερον
2379 2957 2741 3028 ἀσεϐέστερόν
2765 2976 2846 3023 τε,
2882 2961 2977 3012 καὶ
3011 2961 3375 3030 ἀτοπώτερον,
3407 2962 3674 3032 τοσούτῳ
3707 2974 3796 3023 καὶ

2189 3051 2372 3118 Σίμων
2401 3051 2496 3105 τοῦ
2525 3051 2676 3115 Γιεζὶ
2708 3053 2909 3122 μᾶλλον
2938 3053 3003 3107 ἂν
3035 3055 3120 3124 είη
3157 3058 3288 3124 πρὸς
3320 3057 3462 3126 ἀρὰν
3483 3060 3802 3125 ἐπιτηδειό-

2191 3155 2386 3209 τερος·
2429 3145 2522 3198 καὶ
2565 3143 2672 3213 μὴν
2707 3144 2801 3196 καὶ
2833 3145 2882 3196 εί
2917 3145 2992 3214 μὴ
3038 3144 3130 3198 τὸν
3165 3145 3397 3217 πρώτως
3444 3148 3555 3218 τὴν
3591 3153 3802 3202 κακίαν

2192 3231 2397 3302 ταύτην
2437 3233 2750 3302 ἐκρήξαντα
2781 3236 3181 3289 συναπολέσθαι
3228 3236 3307 3306 τῷ
3339 3237 3508 3306 κακῷ
3538 3240 3802 3308 κυήματι

2194 3323 2514 3378 κατεδίκασε
2547 3326 2776 3396 Πέτρος,
2809 3327 3011 3390 πόσους
3033 3329 3100 3381 ἂν
3124 3330 3255 3397 ἡμῖν
3285 3329 3460 3382 οίοιτό
3491 3346 3582 3393 τις
3616 3331 3804 3398 Σίμωο

2197 3432 2294 3480 νας
2323 3417 2622 3488 ἀναστῆσαι
2651 3419 2744 3472 τὸν
2783 3421 3042 3490 πονηρὸν,
3089 3421 3249 3474 ὁπότε
3298 3421 3434 3490 μηδὲ
3463 3423 3572 3490 τὴν
3621 3425 3804 3494 ἀρχὴν

2198 3508 2415 3580 βληθεὶς
2438 3511 2534 3563 καὶ
2579 3511 2763 3564 πεσὼν
2790 3511 3038 3583 ἠρεμεῖν,
3081 3507 3162 3576 οἷς
3196 3517 3396 3583 πεῖραν
3429 3515 3667 3585 εἰλήφει
3704 3517 3802 3584 τῆς

2197 3602 2365 3673 ἥττης
2387 3621 2403 3671 ;

2272 3695 2348 3746 Οὐ
2381 3693 2489 3766 μὴν
2535 3696 2652 3750 ἀλλ’
2678 3692 2734 3751 οἷ
2767 3696 3000 3768 βαδίζων
3030 3701 3058 3754 ό
3083 3699 3242 3768 λόγος
3283 3701 3582 3771 ἠπείγετο,
3622 3702 3803 3767 δείξαι

2203 3784 2552 3857 βουλόμενος,
2585 3790 2676 3842 καί
2714 3807 2777 3859 γε
2827 3791 3158 3862 πολλαχόθεν
3187 3793 3389 3857 δείξας,
3428 3794 3638 3863 ἀρκεῖν
3690 3797 3803 3857 τοῖς

2203 3880 2545 3950 ἀποστόλοις,
2587 3883 2667 3946 είς
2705 3884 2992 3953 μετάδοσιν
3037 3885 3130 3937 τοῦ
3162 3887 3512 3956 χαρίσματος
3546 3889 3649 3940 καὶ
3687 3908 3800 3957 χει-

2206 3972 2315 4044 ρῶν
2377 3973 2546 4044 μόνην
2598 3976 2869 4032 ἐπίθεσιν.
2931 3978 3163 4031 ’ἰδιῶται
3226 3979 3334 4048 γὰρ
3399 3982 3642 4045 ἐκεῖνοι,
3709 3986 3802 4035 καὶ

2203 4068 2408 4138 ἄτιμοι,
2458 4068 2553 4121 καὶ
2583 4068 2813 4140 πένητες
2847 4069 3000 4135 ίδεῖν,
3043 4071 3227 4124 ἐκεῖνα
3259 4071 3566 4140 φιλοτίμως
3597 4077 3802 4142 παρείο

2201 4177 2317 4230 χον,
2358 4158 2394 4213 ἂ
2439 4159 2564 4230 μηδ’
2621 4159 2690 4213 ἂν
2744 4160 2838 4214 τὸν
2899 4162 3216 4230 σοφώτατον
3262 4165 3442 4234 εἴπῃς,
3483 4168 3582 4219 καὶ
3639 4161 3690 4234 ᾧ
3743 4169 3800 4220 τὸ

2205 4249 2378 4302 πολλὰ
2438 4249 2743 4319 κεκτῆσθαι
2802 4250 2961 4316 δόξαν
3025 4253 3275 4323 παρέχει,
3341 4255 3437 4308 τοῦ
3508 4259 3610 4309 καὶ
3689 4259 3796 4310 τῶν

2203 4341 2378 4394 ἄλλων
2401 4359 2453 4396 τι
2488 4341 2652 4394 πλέον
2686 4341 2853 4411 ἔχειν.
2889 4342 3059 4397 Πάλιν
3089 4345 3152 4414 δὴ
3187 4345 3322 4409 Θεὸς
3351 4346 3410 4398 ὲν
3438 4346 3793 4416 ἀνθρώποις,

512 4437 661 4490 inter
718 4439 969 4494 homines
1051 4448 1336 4506 versatur,
1411 4441 1667 4510 quamvis
1729 4445 1914 4500 denuo
1975 4463 2082 4502 nun

2199 4433 2249 4484 εί
2274 4434 2368 4485 καὶ
2398 4431 2474 4503 μὴ
2494 4431 2627 4495 Θεὸς
2654 4433 2948 4503 ἄνθρωπον
2973 4434 3320 4502 προσλαϐών.
3353 4437 3526 4491 Πάλιν
3552 4439 3796 4499 κάθοδος

521 4540 836 4599 asuimptns
867 4530 1028 4586 Deus.
1067 4531 1267 4586 lterum
1300 4532 1592 4588 incllabilis
1648 4537 1950 4591 descensus
1989 4551 2093 4594 est.

521 4623 722 4674 lterum
751 4625 1092 4692 mysterium.
1128 4622 1186 4676 Et
1213 4625 1444 4693 apostoli
1468 4627 1534 4680 ad
1566 4634 1862 4698 utrumque
1889 4642 2096 4701 mystc-

517 4714 661 4764 rinm
695 4712 827 4780 apti,
869 4722 921 4766 et
945 4712 1250 4767 incredibili
1281 4713 1563 4772 alacritate
1595 4719 1912 4776 ministrare
1938 4737 2098 4792 para-

521 4805 585 4864 ti,
611 4814 687 4868 et,
716 4813 775 4858 ut
804 4805 970 4858 verbo
1000 4804 1199 4870 dicam,
1225 4807 1482 4864 omnibus
1539 4810 1661 4866 aliis
1706 4812 1950 4880 omissis,
1999 4831 2093 4868 ora

522 4896 712 4961 Verbi,
745 4905 798 4949 et
831 4895 1068 4964 Spiritus
1095 4897 1475 4962 in~trumeuta,
1503 4907 1560 4953 et
1615 4915 1712 4968 per
1747 4901 1860 4956 haec
1925 4906 2088 4958 etiam

517 4991 709 5060 primm
738 4989 938 5043 mentis
969 4990 1170 5059 eﬂigics
1210 5003 1273 5042 ac
1311 4989 1647 5046 imitationes
1675 4993 1922 5060 quaedam
1955 4995 2089 5049 cﬂ‘e-

515 5085 591 5137 rti
621 5091 770 5138 sunt.
805 5081 1038 5136 Possunt
1061 5096 1225 5149 porro
1247 5081 1482 5150 apostoli
1514 5081 1678 5136 etiam
1707 5083 1760 5136 in
1815 5098 2006 5139 somno
2037 5097 2088 5140 et

515 5175 822 5230 secundum
856 5172 1091 5239 quietem
1135 5171 1442 5240 intelligere
1493 5170 1784 5240 Spiritum,
1816 5173 1930 5241 qui,
1969 5188 2090 5243 quae

518 5263 771 5320 facienda
813 5263 947 5327 sint,
982 5269 1260 5332 suggerat,
1288 5262 1342 5316 in
1366 5262 1556 5332 eisque
1613 5263 1960 5334 principalem
2010 5281 2098 5321 ra-

519 5359 688 5413 tionis
724 5365 960 5426 partem,
994 5357 1416 5426 quibuscunque
1440 5355 1630 5427 ﬁguris
1665 5356 1953 5426 placuerit,
1983 5358 2090 5412 for-

518 5461 651 5512 met.
679 5461 734 5506 et
763 5465 885 5520 qua:
916 5451 1026 5519 pati
1051 5457 1322 5519 oporteat,
1351 5457 1707 5518 premoneat,
1737 5461 1792 5506 et
1837 5466 1998 5520 quem
2033 5451 2088 5505 in

519 5543 700 5597 locum
739 5541 984 5595 mittendi
1015 5543 1150 5606 sint,
1180 5543 1397 5603 doceat,
1421 5542 1506 5597 hic
1527 5541 1745 5612 quidem
1778 5541 1830 5594 in
1856 5539 2088 5610 Joppen,

522 5632 610 5685 ille
637 5631 690 5682 in
730 5630 1100 5684 Macedoniam
1142 5650 1152 5684 :
1189 5647 1413 5687 necesse
1440 5633 1582 5686 enim
1623 5639 1706 5685 est
1765 5641 1825 5684 ιιι
1884 5642 1937 5684 ct
1992 5632 2092 5693 illi,

2197 4524 2460 4594 ἄρρητός,
2511 4524 2676 4576 πάλιν
2725 4527 3048 4595 μυστήριον,
3094 4529 3188 4580 καὶ
3223 4528 3272 4580 oi
3309 4528 3605 4581 ἀπόστολοι
3657 4533 3798 4598 πρὸς

2195 4615 2455 4684 ἑκάτερον
2484 4615 2696 4684 ἁρμοζό
2715 4633 2867 4686 μενοι
2894 4618 2957 4670 τὸ
2990 4620 3314 4688 μυστήριον,
3353 4623 3448 4671 καὶ
3481 4621 3796 4688 ὑπηρετεῖν

2195 4706 2435 4775 ἕτοιμοι,
2476 4707 2572 4760 καὶ
2600 4707 2661 4759 τὸ
2696 4709 2982 4778 πρόθυμον
3011 4711 3137 4763 ὅσον
3167 4712 3374 4780 ἡλίκον,
3409 4712 3502 4762 καὶ
3546 4712 3627 4774 ὡς
3660 4714 3795 4774 ἔπος

2195 4799 2372 4851 εἰπεῖν
2407 4799 2589 4852 πάντα
2642 4816 2707 4867 γε
2746 4801 3018 4869 ἀφελόντα
3065 4804 3135 4854 τὰ
3190 4803 3344 4865 ἄλλα,
3389 4804 3642 4871 στόματα
3697 4804 3794 4855 τοῦ

2196 4887 2396 4955 Λόγου,
2441 4889 2535 4942 τοῦ
2567 4891 2888 4960 Πνεῦματος
2923 4893 3158 4963 ὄργανα,
3192 4894 3286 4946 καὶ
3318 4893 3404 4947 διὰ
3430 4893 3642 4947 τούτων
3696 4896 3791 4946 τοῦ

2199 4983 2417 5055 πρώτου
2451 4982 2542 5035 νοῦ
2577 4983 2738 5036 τύποι
2769 5000 2827 5036 τε
2875 4991 2973 5038 καὶ
3009 4981 3329 5054 μιμήματα.
3370 4987 3477 5038 Καὶ
3512 4991 3790 5056 πρόσεστι

2197 5079 2258 5131 τὸ
2289 5077 2381 5130 καὶ
2415 5076 2540 5130 καθ’
2590 5075 2796 5140 ὕπνους
2850 5080 3089 5131 συνεῖναι
3129 5077 3190 5131 τὸ
3227 5077 3452 5147 Πνεῦμα
3498 5081 3610 5140 τοῖς
3643 5083 3788 5133 £11m-

2201 5170 2431 5234 στόλοις,
2465 5170 2558 5223 καὶ
2588 5169 2624 5224 ἃ
2656 5169 2762 5238 χρὴ
2795 5173 2966 5222 ποιεῖν
3001 5169 3379 5234 ὑποτίθεσθαι,
3428 5172 3522 5223 καὶ
3574 5171 3786 5222 sua-05v

2199 5264 2259 5316 τι)
2289 5267 2347 5316 ἐν
2376 5264 2557 5326 αὐτοῖς
2587 5262 2916 5332 ἡγεμονικὸν
2944 5261 3019 5324 ὡς
3051 5263 3156 5333 ἅδῃ
3195 5261 3469 5330 βούλεται,
3517 5266 3609 5314 καὶ
3645 5279 3722 5332 πρ
3755 5290 3785 5301 ο

2201 5355 2382 5423 λέγειν
2427 5354 2524 5408 an
2561 5356 2758 5407 παθεῖν
2789 5355 2894 5418 δεῖ,
2932 5357 3029 5409 καὶ
3063 5355 3145 5417 τίς
3175 5356 3203 5406 ὁ
3233 5355 3431 5424 χῶρος,
3463 5354 3586 5407 καθ’
3611 5354 3674 5407 ἐν
3702 5356 3784 5406 δεῖ

2201 5432 2295 5499 καὶ
2341 5447 2608 5514 πέμπειν,
2649 5445 2840 5501 τοῦτον
2890 5446 2989 5516 μὲν
3013 5447 3094 5509 είς
3133 5447 3380 5516 Ἰόππην,
3413 5446 3601 5499 τοῦτον
3630 5447 3676 5498 δ’
3707 5446 3780 5498 αὖ

2199 5539 2278 5599 εἰς
2309 5537 2672 5590 Μακεδονίαν.
2704 5539 2797 5590 Δεῖ
2826 5540 2934 5609 γὰρ
2954 5532 3174 5602 ’πάντας
3218 5543 3318 5594 καὶ
3366 5539 3491 5603 τοὺς
3523 5541 3642 5592 ἐκεῖ
3671 5554 3701 5591 τ
3721 5554 3777 5588 ιν

2167 5631 2170 5636 ’
2207 5628 2530 5694 σωζομένων
2557 5628 2830 5696 γενέσθαι.

523 5718 622 5789 qui
650 5719 724 5773 ibi
749 5720 972 5788 degunt,
1009 5734 1408 5777 accenseantur
1465 5737 1653 5777 eorum
1711 5736 1965 5795 numero,
2000 5723 2092 5790 qui
2133 5722 2437 5774 salvantur.
