3992 6210
262 312 405 377 1085

1252 308 1661 371 ΕΝΕΟΜΙΠΜ
1704 311 1807 371 SS.
1859 310 2079 370 PETRI
2115 310 2208 370 ET
2252 310 2495 369 PAULI.

3368 298 3505 365 1086

328 432 395 483 Οἰ
423 426 468 480 δ’
502 422 791 479 ἀπόστολοι
826 423 935 475 οὐδ’
962 424 1052 475 ἐπὶ
1089 425 1379 493 προδήλοις
1416 431 1527 487 τοῖς
1571 428 1835 490 κινδύνοις

2011 428 2280 481 Cu‘tet‘ttut
2324 423 2555 495 apostoli
2592 436 2769 489 neque
2809 419 2861 473 in
2903 415 3365 473 manifestissimis
3418 434 3509 485 pe-

260 517 550 589 συνθηκῶν
602 516 950 583 ἐξιστάμενοι
1007 516 1117 567 τῶν
1173 517 1306 584 πρὸς
1349 519 1440 571 τὶν
1493 518 1833 583 διδάσκαλον,

259 613 397 667 ἀλλὰ
427 614 535 680 γὰρ
568 608 622 661 εἴ
648 625 726 678 τῳ
771 607 843 676 μὴ
870 609 925 658 ἐν
960 606 1038 675 τῷ
1074 606 1292 675 βλέπειν
1332 611 1363 677 ή
1416 610 1599 670 πίστις
1649 609 1833 677 μόνον,

258 707 353 759 καὶ
412 701 894 774 προανιστάμενοι,
952 699 1046 751 καὶ
1103 701 1519 770 προτρέχοντες,
1578 701 1669 752 καὶ
1722 703 1833 762 τοῖς

263 799 456 857 δεινοῖς
510 792 986 863 ἐμπομπεύοντες,
1044 794 1138 846 καὶ
1175 794 1311 862 πρὸς
1351 792 1451 854 τὰς
1500 793 1690 854 ὀδύνας
1736 793 1833 855 τὰς

263 889 470 941 ἐκεῖθεν
498 887 892 954 ἁμιλλώμενοι·
928 884 1100 937 δεινὸν
1126 884 1231 951 γὰρ
1258 884 1559 949 ἐποιοῦντο,
1592 885 1639 936 εἰ
1664 884 1833 954 δήπου

264 980 440 1049 ψυχῆς
473 980 741 1048 ἀλήπτου,
777 977 1028 1046 σώματος
1050 977 1341 1044 ἀλγηδόνες
1366 978 1609 1043 γένοιντο
1655 977 1836 1045 κρείτ-

266 1089 413 1134 τους,
451 1070 546 1123 καὶ
578 1072 628 1123 εἰ
665 1069 837 1136 δήπου
871 1067 1050 1137 ψυχῆς
1080 1068 1448 1136 ἀποστολικῆς
1478 1066 1836 1120 ἀποστολικὸν

268 1159 426 1226 σῶμα
459 1159 840 1226 ἀπολειφθείη,
865 1159 957 1209 καὶ
984 1157 1243 1221 ὀκλάσαν,
1275 1158 1375 1211 οὐκ
1403 1157 1469 1211 ἂν
1501 1156 1587 1225 εἴη
1621 1153 1680 1210 εὖ
1713 1157 1835 1227 ἔχον

266 1251 892 1319 ἓπεσθαι.⁹Υπέρευγε,
947 1249 1023 1310 ῶς
1073 1250 1345 1316 ἀηττήτου
1421 1250 1595 1303 ταῦτα
1655 1250 1838 1319 ψυχῆς

268 1344 360 1395 καὶ
382 1342 634 1411 σώματος
665 1343 731 1394 τὰ
769 1342 858 1394 ῐσα
882 1344 946 1412 τῇ
982 1341 1126 1411 ψυχῇ
1166 1341 1473 1408 βλέποντος,
1496 1341 1603 1395 καὶ
1636 1342 1838 1410 ἀμφοῖν

269 1434 407 1487 πολὺ
450 1436 510 1487 τὸ
560 1437 809 1503 γενναῖον
854 1434 1342 1504 ἐπιδεικνυμένων,
1408 1434 1503 1487 καὶ
1553 1435 1838 1505 ἀμήχαων

270 1544 457 1593 φαναι.

1947 522 2137 574 rieutis
2193 517 2509 573 defecerunt
2545 530 2570 565 τι
2620 512 2789 583 [ιοοιίε
2840 526 2962 566 cum
3014 509 3269 577 magistro
3318 506 3507 573 initis;

1945 614 2067 670 sed.
2101 614 2144 666 si
2176 612 2262 665 cui
2322 610 2455 663 fides
2487 623 2592 661 non
2618 616 2820 659 tantum
2856 603 2909 656 in
2950 600 3121 655 oculis
3168 598 3392 657 residet,
3457 597 3504 650 is

1948 706 2157 759 videbit
2213 718 2306 757 eos
2368 702 2433 755 ad
2491 699 2731 768 pericula
2774 698 2923 764 prius
2973 696 3135 747 etiam
3191 708 3505 759 exsurgere,

1943 811 2295 868 prreeurrere,
2326 794 2451 847 etin
2490 791 2733 845 adversis
2760 787 3116 854 triumphare,
3150 797 3346 837 etcum
3378 798 3507 835 cru-

1944 886 2182 939 ciatibus
2216 884 2340 937 inde
2379 883 2513 935 ortis
2538 881 2752 934 fortiter
2779 877 3068 945 confligere
3091 874 3304 928 solitos.
3339 873 3513 925 Grave

1945 979 2089 1033 enim
2113 976 2408 1038 ducebant,
2443 974 2511 1039 si,
2534 972 2712 1035 anima
2768 972 2957 1031 illaesa,
2988 969 3233 1036 corporis
3293 965 3513 1019 dolores

1947 1071 2271 1141 superiores
2318 1067 2635 1128 evaderent,
2672 1074 2725 1119 et
2782 1061 3078 1129 aliquando
3118 1061 3185 1113 ab
3216 1058 3510 1127 apostolica

1948 1167 2131 1218 anima
2180 1160 2537 1230 apostolicum
2570 1171 2770 1224 corpus
2834 1156 3199 1213 desereretur,
3264 1150 3515 1202 debilita-

1950 1268 2175 1324 tumque
2214 1254 2384 1323 probe
2439 1249 2589 1318 sequi
2645 1264 2751 1303 non
2798 1253 3003 1313 posset,
3057 1240 3511 1297 Przeclarissimri

1952 1364 2008 1404 ut
2042 1349 2222 1402 anima
2252 1346 2512 1399 invictam
2552 1358 2610 1396 se
2652 1338 2995 1409 praestiterit,
3034 1348 3341 1403 corpusque
3365 1332 3514 1399 paria

1948 1456 2069 1494 cum
2111 1440 2291 1491 anima
2343 1433 2557 1498 fecerit,
2600 1439 2656 1486 et
2687 1444 2847 1499 quam
2900 1439 3167 1495 generese
3225 1423 3405 1475 anima
3463 1429 3518 1473 et

1950 1545 2152 1600 corpus
2206 1543 2325 1584 sese
2358 1524 2653 1598 gesserint,
2686 1520 2852 1576 nullis
2894 1516 3077 1573 verbis
3116 1512 3375 1583 explicari
3411 1526 3511 1581 po-

1952 1627 2103 1681 terit.

338 1703 530 1755 Καίτοι
580 1703 743 1756 πάλιν
775 1704 857 1767 τίς
901 1704 967 1758 ἂν
1008 1705 1150 1758 εἴποι
1188 1723 1301 1776 μοι,
1347 1708 1465 1770 πῶς
1498 1708 1526 1759 ὀ
1559 1708 1713 1775 λόγος
1751 1708 1841 1760 ἐπὶ

2018 1716 2084 1766 At
2110 1712 2235 1781 quis
2268 1710 2397 1765 mihi
2428 1709 2653 1770 indicet,
2685 1720 2792 1776 qua
2841 1702 3053 1759 ratione
3105 1713 3285 1755 sermo
3317 1698 3511 1751 iterum

268 1796 393 1855 τοὺς
441 1796 717 1859 κινδύνους
770 1797 1103 1869 περιηνέχθη
1156 1800 1263 1852 τῶν
1322 1801 1673 1865 ἀποστόλωνς
1726 1802 1839 1854 ἀλλ’

268 1888 589 1953 ἐπαναγέτω
629 1888 789 1941 πάλιν
831 1890 918 1952 ἐφ’
954 1891 1113 1943 ἑαυτὸ
1141 1892 1330 1945 τοῦτον
1359 1892 1418 1946 τδ
1458 1893 1703 1962 Πνεῦμα,
1749 1894 1843 1945 καὶ

270 1977 556 2041 δεικνύτω,
587 1973 667 2040 οἷς
706 1980 825 2032 οὐδέ
846 1998 898 2034 τι
930 1981 1132 2049 μᾶλλον
1166 1982 1476 2051 ἐπίφθονον,
1512 1976 1633 2036 οῦδὲ
1674 2001 1846 2054 προσ-

274 2068 459 2137 κορὲς,
522 2072 653 2139 περὶ
697 2071 903 2125 τούτων
952 2072 1134 2139 λέγειν
1175 2092 1228 2127 τι
1269 2076 1361 2127 καὶ
1394 2076 1613 2130 ἀκούειν
1663 2077 1845 2130 καινό-

270 2159 584 2225 τερον,”ὂτι
645 2157 804 2213 τοῦτο
833 2162 908 2231 τῷ
964 2165 1164 2233 Παύλῳ
1224 2166 1415 2233 παρὸν,
1468 2167 1563 2218 καί
1611 2168 1657 2219 τ’
1712 2168 1845 2220 ἄλλα

272 2254 536 2320 παρεῖχεν
566 2252 912 2320 ἐργάζεσθαι,
937 2255 1033 2307 καὶ
1059 2256 1155 2325 τὴν
1176 2256 1391 2325 ἔχιδναν
1414 2258 1512 2326 τὴν
1534 2260 1591 2310 ὲν
1614 2259 1844 2328 Μελίτῃ,

276 2343 410 2413 μηδὲ
446 2343 620 2395 δοκεῖν
668 2344 883 2415 ἔχιδναν
927 2348 1359 2416 παρεσκεύασεν,
1405 2350 1435 2420 ἤ
1480 2349 1682 2417 μᾶλλον
1716 2350 1848 2402 Θεὸν

269 2437 357 2486 τὸν
382 2435 609 2501 Παῦλον,
634 2436 746 2489 ἀλλ’
773 2438 872 2490 ούκ
896 2437 1181 2506 ἄνθρωπον
1206 2436 1562 2496 ιῖναιδοκεῖν.
1590 2442 1849 2510 Λεγέσθω

272 2526 366 2579 καὶ
402 2528 541 2596 ὅπερ
575 2529 825 2582 ἐνταυθοῖ
852 2532 1102 2600 παριδεῖν
1143 2533 1242 2586 οὐκ
1291 2536 1356 2587 ἂν
1386 2535 1597 2602 γένοιτο
1636 2538 1824 2605 χάριεν

266 2618 299 2686 ή
328 2616 437 2668 τῶν
468 2616 777 2670 Μελιταίων
802 2617 877 2681 ὡς
908 2598 1035 2689 περὶ
1075 2622 1359 2691 μιαιστςόνου
1398 2598 1496 2676 *τοῦ
1535 2598 1749 2677 Παύλου
1782 2598 1850 2677 τέ

270 2712 514 2779 πρότερα
542 2711 705 2778 δόξα·
740 2716 833 2766 καὶ
876 2716 909 2784 ὴ
954 2718 1090 2785 μετὰ
1144 2717 1307 2771 τοῦτο
1356 2719 1493 2788 πρὸς
1540 2722 1849 2774 τούναντίον

270 2803 416 2855 ἅπαν
452 2806 550 2875 τῆς
583 2806 743 2875 δόξης
777 2809 1256 2877 ἀντιμετάστασις,
1310 2812 1405 2864 καὶ
1439 2815 1469 2882 ἡ
1519 2812 1640 2885 δίκη
1684 2832 1850 2868 κατα-

268 2894 659 2967 λαμϐανομένη
694 2901 793 2966 μὲν
828 2900 919 2951 ὑπ’
945 2902 1190 2965 ἐκεί-ων,
1214 2903 1352 2972 τάχα
1380 2906 1474 2956 καὶ
1509 2906 1846 2977 ὑμνουμένη.

272 2978 392 3038 Εἶτ’
424 2987 622 3039 αὐτίκα
668 2989 834 3058 μηδέν
877 3008 929 3043 τι
982 2992 1119 3060 πρὸς
1159 2994 1342 3046 αὐτῶν
1376 2995 1434 3048 ὃν
1480 2999 1593 3061 τοῖς
1634 3000 1850 3069 ἀδήλοις

1947 1807 2011 1860 ad
2047 1804 2413 1874 apostolorum
2446 1802 2682 1872 pericula
2713 1798 2922 1853 delatus
2957 1793 3236 1857 sit?quem
3275 1787 3517 1855 Spiritus

1946 1914 2140 1959 rursus
2194 1897 2350 1966 quasi
2415 1896 2635 1948 domum
2700 1893 2946 1953 redueat,
2979 1896 3033 1942 et
3082 1884 3337 1939 ostendat
3384 1880 3514 1940 illis,

1947 1993 2149 2063 quibus
2174 1991 2311 2044 nihil
2344 1999 2436 2045 aut
2464 1990 2529 2041 ad
2581 1985 2867 2049 invidiam,
2929 1990 3023 2034 aut
3075 1977 3141 2031 ad
3208 1975 3513 2032 satietatem

1949 2087 2308 2155 generandam
2345 2078 2810 2138 accommodatius
2838 2084 2941 2138 εει,
2972 2087 3135 2143 quam
3173 2072 3239 2125 de
3288 2068 3373 2122 his
3432 2066 3516 2120 vel

1949 2178 2130 2233 dicere
2158 2177 2240 2230 vel
2266 2178 2455 2230 audire
2488 2172 2691 2241 aliquid
2716 2169 2863 2225 novi.
2931 2164 3105 2219 Etiam
3149 2161 3315 2215 Paulo
3344 2159 3516 2227 Spiri-

1952 2276 2064 2321 tum
2099 2268 2368 2329 astitisse,
2398 2266 2726 2319 documento
2745 2260 2816 2313 sit
2837 2257 3027 2326 vipera
3060 2255 3118 2308 in
3155 2252 3336 2307 Melita
3363 2253 3515 2305 insu-

1952 2360 2023 2417 la,
2050 2374 2209 2428 quam
2243 2359 2315 2410 ita
2360 2352 2634 2413 tractavit,
2669 2360 2726 2404 ut
2766 2365 2873 2405 non
2910 2348 3185 2401 videretur
3212 2358 3333 2399 eSse
3364 2343 3517 2411 vipe-

1954 2468 2033 2513 ra,
2059 2450 2140 2504 vel
2167 2450 2368 2519 potius,
2400 2456 2455 2499 ttt
2485 2447 2601 2513 ἱρέα
2627 2443 2826 2497 Paulus
2851 2455 2959 2495 non
3000 2439 3185 2500 homo,
3219 2434 3314 2487 sed
3375 2432 3517 2485 Deus

1952 2551 2268 2598 censeretur
2296 2541 2363 2594 ²¹.
2418 2539 2664 2592 Addatur
2695 2543 2751 2588 et
2775 2535 2911 2598 haec,
2943 2546 3103 2601 quam
3144 2530 3196 2583 in
3231 2523 3517 2591 praesentia

1953 2634 2373 2706 prietermittere
2404 2644 2597 2697 parum
2641 2625 2893 2681 festivum
2929 2630 3097 2685 esset,
3153 2616 3515 2673 Melitensium

1953 2727 2210 2783 nimirum
2243 2725 2311 2779 de
2338 2722 2526 2783 Paulo,
2550 2728 2807 2788 tanquam
2835 2717 2899 2769 de
2925 2712 3221 2776 homicida,
3251 2706 3517 2774 suspicio,

1954 2838 2059 2891 qua
2097 2822 2249 2889 prius
2291 2816 2483 2870 imbuti
2512 2812 2751 2873 fuerant,
2792 2818 2846 2862 et
2878 2806 3105 2860 mutatio
3164 2801 3411 2870 ejusdem
3464 2799 3517 2851 iu

1954 2890 2292 2969 contrariam
2327 2921 2555 2979 prorsus
2602 2904 2939 2971 opinionem,
2976 2904 3030 2951 et
3059 2894 3270 2965 justitia
3300 2894 3366 2945 ab
3413 2890 3520 2944 illis

1957 3004 2316 3074 deprehensa,
2348 2999 2536 3053 forsan
2564 3003 2618 3050 et
2641 2989 2976 3054 laudata,ita
3014 2995 3073 3040 ut
3117 2983 3254 3039 nihil
3287 2982 3366 3036 eis
3423 2980 3522 3034 ob-

266 3077 597 3146 ὲμϐατεύειν
639 3082 844 3150 αὐτῆς,
900 3086 994 3138 καὶ
1046 3087 1303 3140 εἰκόντων
1353 3088 1430 3158 τῷ
1474 3063 1732 3160 θαύματι.
1764 3102 1842 3145 κατ

1963 3063 2155 3158 staret,
2191 3063 2489 3163 quominus
2533 3100 2737 3142 arcana
2773 3082 2893 3152 ejus
2922 3084 3296 3150 penetrarent,
3324 3071 3525 3142 quippe

272 3170 841 3239 συμμεταϐαλλόντων
887 3178 953 3245 τῇ
1010 3177 1281 3248 μεταϐολῇ
1339 3180 1431 3232 τοῦ
1504 3183 1833 3252 πράγματος

269 3263 493 3325 καὶτὰς
535 3265 855 3334 ὑπολήψεις.
908 3270 1052 3321 ’ἰστε
1094 3271 1187 3323 καὶ
1222 3271 1409 3339 ὑμεῖς,
1448 3249 1561 3328 κδίν⁷
1589 3249 1855 3345 μὴ-λέγωθ

267 3354 445 3422 πόσην
474 3356 723 3426 εἰσέφερε
754 3358 913 3423 δόξαν
938 3361 1031 3412 καὶ
1063 3362 1230 3433 τιμὴν
1262 3365 1458 3436 Παύλῳ
1486 3367 1546 3421 τὸ
1601 3366 1855 3441 πρᾶγμαξ

270 3446 367 3497 καὶ
420 3447 482 3515 δὴ
524 3450 618 3499 καὶ
650 3450 754 3518 πρὸ
793 3450 1007 3503 Παύλου
1056 3453 1134 3523 τῷ
1183 3454 1373 3508 τούτου
1407 3435 1548 3529 Θεῷ.
1585 3435 1657 3514 Εἰ
1687 3435 1794 3534 γαρ
1828 3435 1856 3517 δ

272 3535 451 3603 κήρυξ
509 3537 683 3601 οὕτως
729 3541 1132 3597 ἐκκαλέσασθαι
1178 3547 1305 3609 τοὺς
1350 3549 1549 3619 ἄνδρας
1596 3551 1721 3621 ἔσχε
1774 3557 1850 3607 τῶ

276 3625 537 3690 θαύματι,
590 3629 665 3692 ὡς
717 3631 911 3700 ἀθρόον
944 3636 1006 3687 ἐκ
1054 3640 1396 3711 φαυλοτέρας
1576 3610 1847 3712 ,ὑπονοίας

272 3718 365 3771 ἐπεὶ
415 3720 511 3788 τὴν
564 3722 794 3793 ἀρίστην
848 3730 1250 3799 μεταπηδῆσαι,
1308 3733 1360 3784 τί
1411 3732 1477 3787 ἂν
1527 3735 1705 3799 εἴποις
1758 3741 1850 3793 τὸν

274 3814 680 3882 κηρυττόμενον
700 3832 714 3880 ;

347 3907 700 3975 Προσκείσθω
739 3910 982 3975 κάκεῖνα,
1013 3910 1108 3966 τοῦ
1142 3915 1245 3980 γὰρ
1288 3916 1456 3971 αὑτοῦ
1508 3920 1849 3991 Πνεύματος,

272 3995 308 4051 ἃ
333 4000 424 4050 καί
456 4014 585 4051 ποτε
621 4001 923 4071 προσετέθη
969 4003 1047 4071 τῷ
1086 4005 1348 4073 θαύματι,
1375 4011 1467 4061 καὶ
1500 4009 1850 4078 λεγέσθωσαν

273 4088 418 4142 νόσοι
448 4090 909 4161 φυγαδευόμεναι,
951 4095 1297 4165 ἀπορώτεραι
1332 4100 1506 4155 πᾶσαι
1558 4104 1656 4172 μὲν
1687 4104 1718 4175 ἢ
1759 4109 1850 4159 καὶ

273 4182 646 4247 ἀνθίστασθαι,
681 4190 774 4239 καὶ
806 4187 839 4256 ή
870 4188 1008 4256 πρὸς
1054 4191 1245 4257 καιρὸν
1278 4192 1353 4261 τῷ
1398 4195 1634 4249 Ποπλίου
1680 4200 1851 4269 πατρὶ

274 4277 549 4340 παρουσία
586 4276 678 4330 τοῦ
736 4278 969 4342 Παύλου,
1002 4281 1061 4332 τό
1092 4298 1153 4333 τε
1202 4282 1427 4351 σύμπαν
1457 4288 1510 4340 εί
1534 4306 1618 4351 τις
1670 4291 1847 4362 ἀξιοίη

1957 3189 2050 3258 qui
2080 3162 2345 3241 miraculo
2373 3181 2484 3251 jam
2520 3178 2802 3238 cederent,
2830 3182 2884 3228 et
2933 3186 3057 3226 cum
3093 3167 3396 3223 mutatione
3441 3162 3516 3215 rei

1958 3278 2307 3348 suspiciones
2337 3285 2556 3343 quoque
2580 3273 2877 3322 mutarent.
2922 3261 3111 3317 Nostis
3141 3259 3382 3329 ipsimet,
3439 3268 3528 3306 nte

1956 3371 2141 3428 itidem
2175 3376 2406 3431 tacente,
2440 3369 2697 3432 quantam
2750 3356 2979 3429 gloriam
3006 3361 3059 3407 et
3118 3349 3522 3406 venerationem

1957 3466 2073 3521 bare
2102 3476 2189 3516 res
2224 3455 2534 3515 conciliarit
2566 3452 2756 3514 Paulo,
2788 3449 2873 3503 vel
2911 3446 3092 3516 potius
3119 3451 3249 3498 ante
3269 3440 3522 3503 Paulum,

1961 3558 2068 3611 Deo
2101 3552 2275 3608 Pauli.
2297 3550 2355 3604 Si
2381 3548 2526 3601 enim
2555 3557 2733 3612 praeco
2784 3540 2865 3594 sic
2911 3552 3014 3593 suo
3074 3532 3342 3589 miraculo
3373 3532 3527 3585 viros

1957 3649 2081 3703 illos
2123 3654 2453 3717 permovere
2486 3635 2688 3707 potuit,
2731 3639 2792 3688 ut
2836 3646 2902 3685 ex
2940 3625 3238 3697 improviso
3273 3623 3531 3694 deposita.

1953 3710 2231 3793 deteri-ore
2254 3730 2518 3802 opinione
2554 3725 2621 3779 ad
2670 3722 2954 3777 meliorem
3000 3717 3317 3778 transirent,
3385 3710 3529 3781 quid.

1954 3830 2020 3884 de
2048 3830 2190 3897 ipso,
2222 3824 2316 3895 qui
2353 3818 2774 3892 praedicabatur,
2804 3804 3245 3882 suspicabimur?

2023 3920 2408 3990 Adjungantur
2484 3920 2539 3967 et
2601 3909 2715 3971 illa,
2798 3904 3041 3974 ejusdem
3105 3910 3339 3965 namque
3394 3900 3522 3948 sunt

1954 4014 2211 4084 Spiritus,
2244 4024 2366 4079 qua:
2400 4013 2455 4061 et
2490 4010 2619 4058 tunc
2653 3997 2919 4055 miraculo
2953 3994 3097 4049 circa
3126 3991 3367 4058 viperam
3427 3984 3533 4038 ad-.

1957 4079 2103 4176 jecta
2129 4102 2387 4165 fueruntf;
2422 4100 2842 4153 enumereutur,
2880 4088 3129 4154 inquam,
3162 4079 3334 4149 fugati
3376 4089 3533 4130 mor»

1954 4173 2029 4258 bi,
2096 4207 2290 4248 omnes
2336 4186 2695 4248 infirmiores,
2742 4194 2904 4251 quam
2969 4185 3029 4230 ut
3069 4174 3404 4231 resisterent,
3468 4173 3535 4219 et.

1951 4288 2106 4343 Pauli
2146 4282 2492 4342 conversatio
2542 4279 2611 4333 ad
2670 4287 2889 4343 tempus
2917 4285 3039 4327 eum
3098 4264 3273 4320 Publii
3328 4270 3480 4331 patre
3501 4273 3529 4324 ;.

273 4364 458 4431 ζητεῖν
481 4368 545 4436 ,ἡ
605 4368 842 4422 ἐνταῦθα
876 4374 989 4433 τοῖς
1025 4374 1320 4441 νησιώταις
1352 4377 1461 4429 τῶν
1507 4349 1842 4451 πραγματωύ

1956 4383 1998 4437 si
2035 4383 2159 4451 quis
2192 4394 2321 4431 vero
2350 4373 2532 4431 omnia
2557 4368 2801 4440 penitius
2833 4362 3069 4419 scrutari
3100 4358 3249 4421 velit,
3282 4355 3329 4409 is
3362 4349 3535 4406 intel-—

272 4459 610 4521 κατάστασις
644 4459 716 4522 ὡς
747 4461 968 4527 ἀγαθῶν
999 4461 1140 4516 εἶναι
1166 4466 1274 4518 τῶν
1303 4470 1579 4536 μεγίστων
1601 4475 1839 4529 ἀπόλαυ-

274 4563 394 4609 σις,
442 4549 534 4599 καὶ
580 4550 664 4602 οἵα
698 4551 910 4615 οὐδενὸς
938 4554 1099 4607 ἄλλου
1150 4557 1295 4623 δόξα,
1337 4561 1446 4614 τῶν
1503 4565 1583 4626 εἰς
1627 4567 1844 4637 ἐκείνην

273 4639 371 4704 τὴν
409 4638 614 4706 ἡμέραν
643 4644 979 4709 οἰκησάντων
1008 4649 1107 4716 τὴν
1135 4649 1326 4717 νῆσονο
1348 4654 1437 4704 καὶ
1470 4654 1681 4721 Παῦλος
1711 4659 1844 4712 ἁπο-

275 4731 854 4836 κνρύπτιυνεττὲιπου
889 4736 1026 4789 θεῶν
1076 4735 1144 4811 ἦν
1196 4742 1255 4794 ἐν
1296 4743 1545 4810 ἐκείνοις,
1582 4752 1678 4804 καὶ⁵
1720 4750 1842 4813 θεὸς

274 4824 415 4874 εἶναι
447 4824 644 4880 δοκῶν.
679 4827 846 4878 Πάλιν
874 4830 981 4897 γὰρ
1011 4834 1105 4884 καὶ
1137 4833 1395 4898 πολλάκις
1433 4839 1512 4899 εἰς
1544 4841 1707 4895 τοῦτό
1750 4861 1839 4911 μοι

270 4915 361 4965 τδν
388 4914 544 4980 λόγον
572 4916 668 4970 τοῦ
707 4920 1031 4989 πράγματος
1073 4925 1235 4996 ἡδονὴ
1272 4930 1449 4994 φέρει,
1508 4936 1602 4984 καὶ
1644 4936 1843 5004 πρόσε-

272 5021 356 5055 στι
388 5006 445 5057 τὸ
468 5006 542 5075 μὴ
567 5009 717 5076 παρὰ
744 5010 919 5077 λόγον.
954 5015 1061 5065 Καὶ
1100 5018 1202 5085 γὰρ
1228 5018 1275 5068 εἰ
1324 5021 1478 5073 τοῦτό
1502 5039 1561 5089 γε
1586 5026 1839 5095 ἀποχρῶν

269 5099 346 5158 εἰς
371 5098 528 5160 δίξχν
560 5098 811 5165 θεώσεως
838 5110 898 5156 τί
922 5106 1086 5173 μηδὲν
1119 5106 1242 5175 μηδ’
1268 5109 1370 5161 ὑπὸ
1388 5111 1495 5164 τῶν
1522 5114 1842 5186 ὀλεθριωτά-

266 5209 375 5243 των
398 5194 589 5244 παθεῖν
622 5191 762 5246 εἶναι
789 5190 899 5249 οἷόν
925 5215 1007 5259 τε,
1056 5200 1291 5267 πάρεστι
1339 5201 1554 5267 Παῦλος
1607 5206 1724 5268 θεὸς
1770 5210 1842 5260 εἰ-

268 5285 439 5344 κότως
471 5278 611 5335 εἶναι
645 5285 841 5339 δοκῶν.
876 5289 986 5341 Καὶ
1016 5290 1064 5340 εἰ
1110 5291 1174 5358 δή
1207 5308 1291 5351 τις
1324 5292 1385 5345 τὸ
1416 5294 1609 5361 μείζω,
1642 5297 1674 5367 ἢ
1701 5303 1842 5355 κατὰ

267 5374 557 5442 ἄ·.θρωπον
613 5378 855 5431 εύποιεῑν
926 5380 1208 5446 δύνασθαι,
1269 5388 1403 5456 πρδς
1469 5389 1592 5442 θεοῦ
1644 5392 1837 5453 οἴεται,

267 5467 386 5519 οὐδὲ
422 5467 610 5521 τούτου
644 5471 855 5535 Παῦλος
885 5475 951 5527 ἂν
988 5478 1073 5546 εἴη
1103 5479 1557 5549 ἀπολειπόμενος.
1592 5484 1699 5534 Καὶ
1728 5484 1837 5553 γὰρ

268 5561 446 5614 ἐκεῖνό
478 5578 541 5631 γε
574 5559 642 5635 ἦν
674 5566 911 5634 Παύλου,
941 5569 1001 5623 τὸ
1043 5573 1317 5643 πανταχοῦ
1352 5576 1512 5629 πλέον
1562 5575 1706 5645 ἔχειν
1739 5576 1836 5628 ἀν-

365 5738 407 5770 ¹¹
459 5737 576 5794 Act.
634 5757 821 5805 XIVill,
881 5744 995 5799 5-6.

1954 4476 2106 4542 liget,
2159 4468 2430 4525 insulanis
2453 4479 2577 4520 eum
2612 4471 2813 4517 statum
2845 4457 2972 4511 inde
3028 4450 3368 4524 provenisse,
3422 4444 3530 4515 qui,

1954 4540 2063 4619 illis
2098 4560 2402 4631 ingentium
2434 4557 2701 4611 bonorum
2745 4548 3100 4604 fruendorum
3125 4540 3337 4610 copiam
3388 4551 3531 4603 ευρ--

1956 4628 2321 4727 peditaret,et
2352 4666 2469 4706 eam
2505 4646 2732 4718 gloriam
2786 4654 3001 4713 parere,
3029 4652 3135 4707 qua
3193 4633 3401 4701 majore
3456 4628 3514 4682 in

1950 4725 2072 4805 eum
2095 4760 2268 4815 usque
2285 4743 2426 4797 diem
2447 4739 2627 4795 nullus
2647 4752 2710 4790 ex
2730 4732 2921 4789 insulae
2948 4726 3212 4798 indigenis
3228 4725 3527 4779 claruera'.

1948 4843 2013 4895 Et
2047 4839 2244 4893 Paulus
2275 4836 2495 4907 quidem
2517 4829 2848 4892 occultabat,
2883 4838 3011 4878 num
3055 4820 3176 4891 quis
3215 4819 3349 4872 deus
3379 4816 3523 4869 inter

1948 4937 2071 4988 illos
2088 4939 2419 4992 versnretur,
2449 4924 2662 4981 tametsi
2694 4921 2963 4975 videretur
2993 4930 3115 4970 esse
3137 4913 3290 4967 deus.
3318 4908 3533 4961 Iterum

1945 5025 2088 5079 enim
2129 5030 2184 5077 et
2224 5019 2422 5086 smpius
2454 5016 2531 5070 rei
2572 5012 2818 5069 suavitas
2867 5019 2921 5063 et
2960 5004 3275 5076 jucunditas
3305 4998 3411 5052 huc
3433 5009 3534 5048 me

1946 5114 2151 5178 trahit,
2184 5128 2283 5166 nec
2320 5118 2513 5180 praeter
2537 5104 2841 5168 rationem;
2874 5113 3001 5153 nam
3028 5097 3073 5151 si
3106 5110 3134 5147 a
3168 5087 3525 5162 perniciosis-

1944 5208 2097 5262 simis
2122 5204 2256 5259 nihil
2287 5192 2868 5264 noeumenti‘accipere
2890 5205 3069 5261 posse,
3094 5181 3368 5241 sullicitad
3390 5193 3529 5247 προ-ι

1949 5298 2159 5355 tbeosin
2187 5312 2203 5362 ;
2228 5296 2348 5363 jure
2371 5292 2575 5362 optimo
2609 5288 2809 5343 Paulus
2833 5283 3053 5338 habitus
3078 5288 3164 5333 est
3184 5277 3319 5332 deus
3346 5289 3359 5325 :
3395 5268 3519 5323 etsi

1948 5391 1994 5444 is
2024 5390 2114 5459 qui
2156 5388 2385 5454 majora,
2410 5397 2571 5453 quam
2605 5396 2700 5449 pro
2738 5375 2975 5432 hominis
3006 5371 3283 5427 facultate,
3314 5363 3529 5418 benelh

1944 5482 2029 5535 cia
2063 5480 2311 5536 conferre
2345 5486 2542 5545 potest,
2571 5472 2705 5527 deus
2722 5476 2993 5531 censetur,
3021 5476 3195 5531 neque
3218 5460 3321 5512 hoc
3348 5453 3527 5509 Paulo»

1945 5573 2132 5631 deficit
2160 5586 2176 5627 :
2211 5585 2333 5625 nam
2358 5569 2459 5623 hoc
2473 5574 2590 5623 erat
2616 5564 2772 5636 quasi
2800 5562 3012 5631 insigne
3035 5556 3208 5621 Pauli,
3231 5563 3291 5608 ut
3309 5549 3522 5621 ubique:
