3992 6210
473 288 606 352 1‘81

1764 292 2045 352 MAXIMI
2080 289 2449 350 PLANUDE

3610 265 3780 354 me

470 419 736 462 terrarum
790 409 934 477 plus,
971 424 1132 478 quam
1188 411 1370 474 homo.
1421 411 1666 473 haberet,
1721 420 1773 465 et
1820 412 2040 474 valeret,

2161 408 2392 478 iptbzou,
2421 410 2512 462 καῖ
2537 403 2612 463 ὧν
2635 407 2838 474 ἀπορία
2876 409 2988 470 τοῖς
3024 407 3205 471 ἄλλοις
3226 406 3402 462 ταῦτα
3419 408 3625 478 ἐκείνῳ
3655 410 3753 462 εὐο

470 513 664 570 οιηιιαι
692 501 812 554 aliis
854 505 1098 570 praestitit
1133 515 1287 558 erant
1319 505 1697 574 impossibilia,
1743 503 1857 558 luet:
1909 519 2046 570 prte-

470 603 618 646 stare
649 609 879 661 pronum
907 594 953 646 ei
990 609 1052 648 ac
1100 596 1337 662 proclive
1369 605 1536 658 esset,
1583 600 1838 666 quodque
1895 597 2042 650 dictu

473 685 770 736 maximum
790 692 840 737 et
866 683 1222 738 admiratiooe
1249 686 1651 754 dignissimum,
1676 686 1927 756 captivus
1960 694 2044 740 te-

473 797 522 831 ιιι
547 782 578 833 b
599 792 740 846 ~tur;
777 795 954 848 neque
981 781 1088 835 ulla
1118 783 1162 835 ei
1194 782 1246 836 in
1272 782 1575 836 libertatem
1620 798 1740 837 sese
1763 781 2042 837 asserendi

475 871 706 926 fat-ultas
741 873 1102 941 suppetebat;
1154 889 1252 927 nec
1285 874 1428 942 quod
1464 889 1529 928 eo
1560 874 1818 935 venisset,
1863 889 1928 928 ex
1967 889 2048 926 ar-

474 964 640 1017 bitrio
671 965 788 1032 ejus
825 966 1116 1027 acciderat,
1149 981 1247 1020 nec
1288 967 1340 1019 in
1371 981 1533 1020 mantt
1565 966 1682 1032 ejus
1710 977 1846 1030 erat,
1880 966 2043 1020 rebus

474 1058 589 1110 suis
619 1060 790 1121 uti,et
823 1059 925 1124 eis,
958 1060 1049 1113 ubi
1073 1073 1124 1114 et
1159 1069 1266 1128 quo
1301 1059 1461 1114 modo
1513 1059 1699 1118 vellet,
1747 1074 1844 1128 pro
1888 1059 2043 1112 libitu

478 1148 690 1200 adcsSc.
726 1147 832 1202 Iste
858 1158 1058 1214 tamen,
1096 1149 1148 1202 in
1171 1150 1269 1203 hoc
1292 1157 1435 1204 statu
1462 1150 1809 1212 constitutus,
1839 1149 2046 1204 morbis

473 1240 810 1300 medebatur,
845 1248 900 1294 et
951 1239 1228 1294 facillime‘
1272 1241 1526 1296 restituta
1591 1241 1824 1295 sanitate
1856 1240 1924 1293 ab
1951 1240 2048 1294 ad-

473 1344 632 1382 versa
685 1329 1000 1384 valetudine
1051 1330 1337 1393 liberabat,
1370 1337 1450 1383 'et
1494 1344 1616 1399 quae
1676 1329 1801 1398 quis
1862 1329 1914 1382 in
1944 1329 2046 1382 hac

481 1421 592 1472 vita
619 1428 808 1488 optare
837 1427 1067 1488 poterat,
1099 1420 1506 1489 promptissime
1530 1419 1881 1489 largiebatur.

552 1511 673 1563 Haec
702 1518 755 1563 et
789 1509 892 1562 alia
919 1510 1081 1577 hujus
1108 1509 1324 1578 generis
1377 1509 1617 1578 Spiritus
1648 1507 1778 1561 fecit
1820 1507 1874 1560 in
1919 1521 2049 1576 ερον

478 1601 655 1665 stolis,
693 1616 814 1667 qua:
838 1603 880 1655 si
911 1616 1011 1671 pro
1053 1603 1315 1672 dignitate
1340 1601 1484 1655 dicta
1506 1610 1560 1655 et
1588 1600 1860 1654 celebrata
1890 1607 2044 1662 sunt,

477 1697 648 1765 gratia
687 1697 910 1766 Spiritui
950 1716 962 1752 :
1000 1698 1046 1752 si
1081 1707 1283 1762 autem,
1315 1697 1452 1767 quod
1500 1697 1672 1766 magis
1700 1697 1967 1765 suspicor,
2015 1711 2044 1748 a

476 1790 736 1858 dignitate
769 1805 949 1844 rerum
1006 1805 1166 1858 quam
1229 1789 1546 1860 longissime
1585 1788 1854 1851 aberravi,
1889 1787 2045 1841 venia

479 1881 610 1934 mihi
642 1881 818 1946 detur,
849 1895 1011 1950 quam
1037 1883 1199 1936 etiam
1225 1880 1376 1936 ﬂexis
1399 1881 1628 1951 genibus
1663 1889 1716 1934 et
1747 1880 1893 1932 humi
1924 1895 2048 1947 pro-

475 1971 736 2025 ('tlllibenS
759 1982 914 2040 pcto:
941 1975 1192 2028 conscius
1225 1973 1357 2026 mibi
1384 1989 1527 2036 sum,
1562 1987 1648 2027 me
1677 1972 1813 2026 nihil
1832 1986 2044 2032 eorum,

475 2077 596 2128 quae
638 2063 780 2117 vires
803 2079 936 2118 mea:
967 2063 1229 2130 ferebant,
1258 2064 1691 2133 pmtermisisse.
1736 2061 1844 2116 Vos
1881 2077 2032 2124 vero,

476 2156 780 2219 auditores,
819 2156 1016 2210 mentis
1047 2167 1239 2211 vestra:
1263 2168 1317 2210 et
1349 2155 1632 2210 sententiae
1676 2154 1909 2217 domini,
1953 2153 2046 2223 qui

479 2248 742 2301 hactenus
774 2262 860 2302 me
887 2262 1079 2315 magna
1107 2248 1477 2303 benevolentia
1507 2245 2043 2310 audiistis,camdem

479 2332 735 2386 adﬁnem
798 2348 971 2401 usque
1029 2335 1160 2388 mihi
1219 2335 1476 2390 exhibere
1527 2334 1850 2404 dignemini.
1908 2335 2045 2400 Quid

476 2421 715 2487 amplius
750 2421 935 2476 dicere
968 2433 1182 2493 oportet
1211 2424 1236 2478 ?

549 2518 668 2567 Jam
711 2514 908 2569 dudum
937 2517 1115 2571 sentio
1177 2519 1393 2588 aliquos
1426 2529 1762 2589 exspectare,
1800 2532 1867 2571 an
1935 2523 2044 2571 rion

480 2609 756 2678 apostolos
781 2625 1092 2680 comparem
1144 2613 1232 2676 iis,
1261 2613 1360 2682 qui
1391 2627 1453 2666 ex
1487 2613 1635 2668 omni
1679 2627 1794 2666 aevo
1845 2613 2046 2680 pietate

476 2713 531 2751 ιιι
559 2704 757 2756 virtute
775 2703 1114 2756 claruerunt.
1142 2702 1208 2757 Et
1241 2703 1342 2757 hoc
1403 2703 1535 2757 milii
1567 2712 1877 2772 promptum
1911 2710 1995 2755 est
2030 2717 2046 2756 :

481 2794 666 2846 nullus
689 2796 832 2846 enim
859 2794 1123 2862 apostolis
1149 2795 1216 2848 de
1245 2795 1554 2863 principatu
1603 2795 1750 2848 litem
1785 2796 2047 2859 movebit,

481 2900 657 2952 neque
682 2883 748 2938 de
790 2883 1018 2936 victoria
1048 2885 1422 2951 concertabit;
1457 2885 1550 2939 sed
1604 2899 1796 2939 omnes
1853 2893 2046 2953 sponte

481 2978 700 3037 i-mlcnt,
733 2984 787 3029 et
823 2974 1008 3044 gloriae
1038 2974 1247 3046 primas
1294 2976 1555 3045 apostolis
1589 2976 1854 3030 tribuent.
1889 2977 2045 3042 Quod

485 3068 618 3120 mihi
653 3069 735 3121 vel
767 3067 1003 3122 maxime
1036 3064 1355 3137 persuadet,
1387 3075 1643 3122 conatum
1701 3067 1848 3122 hunc
1894 3084 2045 3122 com-

483 3158 804 3223 parationis,
865 3173 972 3212 non
1033 3173 1158 3212 esse
1213 3157 1394 3212 studio
1456 3173 1654 3226 magno
1695 3159 1941 3228 dignum.
1989 3160 2050 3216 Si

479 3249 623 3302 enim
657 3265 760 3303 non
786 3258 992 3318 pateret
1029 3250 1309 3310 omnibus.
1345 3251 1493 3319 quod
1529 3249 1638 3305 illis
1664 3251 1970 3306 decantatis
1993 3260 2048 3306 et

483 3341 770 3397 cilebratis
827 3341 896 3396 ab
950 3342 1206 3398 omnibus
1239 3343 1577 3406 conceditur,
1635 3340 1818 3398 forsan
1869 3343 2048 3398 oratio

483 3433 683 3502 aliquid
755 3433 1043 3487 levamenti
1094 3433 1429 3499 invenisset;
1479 3447 1604 3488 cum
1657 3447 1788 3486 vero
1853 3433 2048 3489 borum

484 3526 720 3594 dignitas
751 3535 804 3580 et
837 3525 1106 3582 celsitudo
1135 3543 1241 3580 non
1275 3528 1440 3590 sinat,
1480 3535 1537 3581 ut
1569 3542 1897 3596 quemquam
1923 3537 2050 3581 ante

487 3620 609 3671 illos
638 3618 1006 3682 admiremur,
1027 3633 1328 3688 omnesque
1356 3619 1463 3673 illis
1498 3619 1656 3684 quasi
1685 3619 1750 3673 de
1770 3619 1856 3674 via
1891 3620 2051 3673 dece-

487 3711 640 3773 dint,
679 3709 808 3777 quid
843 3709 967 3777 quis
998 3708 1227 3762 dicendo
1281 3708 1518 3775 amplius
1557 3707 1819 3771 eﬂecerit,
1885 3723 2048 3776 quam

490 3813 544 3853 ut
579 3799 888 3870 superﬂuus
917 3799 1214 3867 iudicetur,
1237 3800 1458 3868 quando
1487 3799 1653 3853 ctiam
1686 3799 1784 3861 illi,
1812 3801 1907 3870 qui
1960 3815 2051 3869 pe-

489 3895 642 3946 nitus
697 3893 841 3954 silet,
895 3891 974 3946 fas
1005 3900 1109 3955 est,
1170 3891 1376 3960 absque
1437 3891 1542 3945 nlla
1592 3892 2049 3958 contradictione,

492 4003 525 4036 o
551 4007 560 4030 ι
591 3987 738 4038 nium
783 3985 1032 4046 calculis,
1061 3987 1268 4053 primas
1300 3983 1554 4052 aposmlis
1608 3983 1867 4052 elargiri?
1917 3985 2052 4040 Nul-

487 4077 600 4129 lun
637 4075 780 4128 enim
821 4089 885 4128 ex
911 4073 1056 4128 omni
1087 4071 1396 4126 mortalium
1425 4086 1652 4126 numero
1675 4071 1919 4126 invenire
1945 4080 2048 4136 est,

486 4169 578 4237 qui
614 4182 735 4219 cum
781 4164 1242 4233 auditapostolos
1297 4163 1618 4234 corypbaaos
1676 4171 1730 4219 et
1773 4166 2051 4235 principes

489 4259 786 4326 nominari,
815 4258 997 4313 animo
1028 4272 1134 4312 non
1192 4256 1375 4310 statim
1409 4263 1682 4326 assurgat,
1710 4256 2054 4325 pronuntiet-

496 4368 602 4422 que
657 4367 751 4406 eos
786 4351 1027 4404 omnium
1057 4349 1287 4404 aliorum
1333 4357 1646 4419 corypnaacs
1677 4356 1732 4403 et
1782 4347 2053 4417 principes

485 4456 630 4496 Οδκθο

558 4533 620 4586 Et
655 4536 767 4587 Inrc
805 4532 1014 4604 vulgata
1049 4539 1130 4588 est
1165 4530 1308 4602 apud
1345 4532 1483 4602 pios,
1507 4539 1562 4586 et
1617 4531 1859 4586 omnium
1893 4532 2052 4586 tutis-

487 4627 627 4681 sima
685 4628 993 4694 persuasio,
1030 4625 1303 4680 neminem
1340 4624 1682 4690 mortalium,
1724 4639 2055 4694 quocunque

489 4717 707 4768 tandem
785 4725 928 4769 statu
991 4716 1323 4785 insignium,
1394 4716 1658 4783 apostolis
1724 4715 2054 4785 atquiparari

491 4822 676 4876 posse.
725 4806 841 4862 Non
868 4808 1011 4863 enim
1067 4823 1187 4872 eos,
1219 4807 1313 4876 qui
1345 4807 1546 4860 acriter
1595 4820 1711 4860 rem
1758 4806 2058 4876 diiudicare

493 4909 716 4965 torunt,
750 4901 930 4963 decet,
983 4909 1039 4954 ut
1078 4915 1201 4955 cum
1257 4904 1626 4967 apostolorum
1660 4899 1868 4952 mentio
1922 4898 2060 4952 inci-

493 4993 596 5053 dit,
629 4994 905 5047 adducant
936 4992 1091 5057 alios,
1124 4990 1484 5049 admiratione
1548 4987 1791 5058 quidem,
1823 4991 1918 5044 sed
1952 5006 2059 5044 non

493 5088 665 5141 instar
697 5090 953 5151 istorum,
983 5087 1198 5156 dignos.
1227 5084 1352 5154 quia
1379 5083 1465 5135 liis
1494 5094 1710 5149 quoque
1743 5081 1795 5135 in
1828 5096 2058 5150 compa-

492 5181 764 5235 rationem
801 5179 1078 5243 adductis,
1112 5177 1340 5248 apostoli
1365 5173 1792 5230 exce-llentiores
1834 5186 2063 5241 appare-

496 5270 632 5324 bunt
665 5287 680 5334 ς
713 5270 1174 5339 quemadmodum
1209 5280 1261 5322 et
1307 5269 1410 5322 hoc
1454 5269 1505 5322 in
1540 5266 1731 5337 primis
1793 5264 2064 5334 aposmli-

497 5375 621 5413 cum
655 5369 757 5425 cst,
785 5361 931 5415 omni
963 5359 1236 5413 industria
1265 5374 1293 5412 a
1319 5360 1460 5417 lniti.
1503 5366 1563 5412 ut
1611 5353 1870 5410 omnibus
1907 5363 2063 5407 ante-

499 5453 723 5515 cellant,
757 5462 814 5505 nt
842 5453 911 5507 ob
951 5451 1380 5520 magnitudinem
1401 5460 1455 5505 et
1479 5448 1888 5504 multitudinem
1918 5457 2065 5500 recte

502 5544 774 5610 factorum
797 5545 976 5598 nullus
995 5545 1218 5597 omnino
1250 5545 1341 5597 ulli
1367 5543 1761 5612 comparationi
1792 5543 2069 5609 relinqua-

505 5639 596 5681 tur
631 5633 806 5683 locus.
835 5629 1023 5699 Neque
1049 5632 1093 5686 si
1128 5631 1291 5684 solent
1315 5633 1368 5684 in
1401 5632 1640 5687 medium
1676 5634 2062 5700 producamus,

505 5729 563 5771 ct
616 5733 736 5772 cum
797 5723 1038 5788 qualibet
1087 5723 1238 5775 stcl'a
1287 5723 1632 5778 (onferuuus
1691 5733 1742 5776 et
1805 5730 2062 5775 accurate

2077 4428 2132 4488 D

2149 519 2294 568 πορα
2323 497 2465 555 εἶναι
2496 499 2757 570 χρῆσθαι,
2785 499 2881 552 καὶ
2913 498 2975 552 τὸ
2997 499 3062 569 δὴ
3097 499 3317 552 πάντων
3373 500 3649 568 μέγιστον
3676 503 3756 552 εἰ-

2150 595 2275 647 πεῖν
2309 595 2405 647 καὶ
2439 593 2743 662 θαυμάσαι.
2770 591 3056 660 δεσμώτης
3100 591 3200 659 μὲν
3228 587 3316 660 ἦν,
3352 593 3454 644 καὶ
3479 592 3598 644 οὐδ’
3627 594 3753 644 ὅσον

2149 687 2231 748 εἰς
2261 685 2434 756 ἄνδρα
2464 680 2597 756 ἧκεν
2629 683 2917 752 ἐλεύθερον
2967 685 3219 752 μετεῖχεν
3266 683 3480 744 ἀδείας,
3515 680 3635 734 οὐδ’
3667 685 3754 733 ἐπ’

2148 778 2298 846 αὐτῷ
2335 795 2398 846 γε
2429 772 2517 842 ἦν,
2551 777 2674 830 οὐδὲ
2723 778 2784 830 τδ
2848 777 3030 828 ἐκεῖσε
3083 774 3331 844 ἀφῖχθαι,
3384 774 3504 826 οὐδ’
3539 776 3757 842 αἵρεσις

2151 870 2449 940 προῦκειτο
2482 871 2595 930 τοῖς
2622 867 2747 922 καθ’
2772 867 2937 920 αὐτὸν
2960 866 3196 934 χρῆσθαι
3219 867 3312 918 καὶ
3334 865 3476 935 πρὸς
3517 866 3757 926 habet;

2149 961 2397 1030 γίνεσθαι
2434 960 2562 1014 ἔνθα
2595 960 2662 1014 ἂν
2694 961 2789 1012 καὶ
2845 957 2973 1011 καθ’
3001 958 3059 1010 ὃν
3093 957 3353 1027 βούληται
3406 957 3653 1025 τρόπον.
3700 958 3755 1011 '0

2134 1047 2205 1107 ’δὲ
2238 1051 2480 1114 τοιοῦτος
2519 1053 2615 1104 καὶ
2653 1050 2796 1103 οὕτω
2848 1050 2958 1103 τῶν
2989 1051 3118 1118 περὶ
3159 1049 3324 1102 αὐτον
3374 1048 3551 1116 ἔχων,
3593 1066 3757 1112 νοσῇ-

2153 1144 2340 1212 μάτων
2387 1142 2487 1213 μὲν
2516 1141 2744 1207 ἀπέλυε,
2807 1141 2946 1210 πρὸς
2995 1141 3053 1193 δὲ
3110 1140 3302 1207 ὑγείαν
3364 1140 3758 1208 εὐχερέστατα

2151 1235 2418 1303 ἐπανῆγε,
2474 1235 2570 1286 καὶ
2602 1232 2697 1285 τοῦ
2748 1231 2936 1296 κακῶς
2995 1231 3142 1300 ἔχειν
3177 1231 3564 1300 ἀπήλλαττεν,
3605 1233 3706 1283 καὶ
3733 1235 3758 1284 ὅ

2149 1345 2234 1390 τις
2268 1325 2470 1396 μᾶλλον
2501 1324 2610 1378 τῶν
2640 1325 2696 1377 ὲν
2723 1324 2802 1394 τῷ
2827 1323 2927 1394 βίῳ
2949 1325 3169 1376 πάντων
3192 1322 3258 1376 ἂν
3285 1323 3537 1389 εὔξαιτο,
3575 1326 3760 1393 ῥᾷστα

2151 1421 2402 1488 παρεῖχε.

2221 1510 2459 1563 Τοιαῦτα
2492 1510 2586 1562 ἐπὶ
2607 1510 2717 1572 τοῖς
2748 1509 3066 1572 ἀποστόλοις
3102 1507 3200 1563 καὶ
3235 1507 3413 1572 οὕτως
3443 1509 3662 1576 ἔχοντα
3694 1509 3761 1560 τΞι

2148 1598 2241 1653 τοῦ
2269 1599 2602 1668 ΙΙνεύματος.
2634 1600 2694 1653 Ei
2731 1599 2830 1667 μὲν
2862 1598 2936 1669 μὴ
2967 1599 3064 1667 τῆς
3099 1598 3255 1662 ἀξίας
3277 1599 3354 1662 ὡς
3379 1600 3761 1670 πορρωτάτω

2148 1692 2406 1761 λεχθέντα
2442 1693 2533 1743 καὶ
2561 1691 2889 1761 ὐμνηθέντα,
2922 1691 2998 1760 τῷ
3043 1691 3320 1761 Πνεύματι
3356 1694 3554 1762 χάρις’
3589 1698 3644 1745 εἰ
3680 1694 3758 1758 δ’,

2155 1778 2198 1852 ᾧ
2256 1786 2349 1838 καὶ
2412 1783 2614 1854 μᾶλλον
2689 1784 2935 1853 τίθεμαι,
2993 1787 3356 1856 πορρωτάτω,
3423 1785 3758 1856 συγγνώμη

2157 1876 2350 1944 πρῶτα
2383 1878 2480 1946 μὲν
2507 1877 2720 1930 ἐκεῖθεν
2747 1878 2880 1947 ἡμῖν
2911 1880 3352 1949 καταπέμποιτο,
3377 1882 3478 1934 καὶ
3522 1882 3644 1948 γὰρ
3668 1877 3759 1932 οὖν

2097 1989 2111 2005 ο
2155 1972 2285 2040 γόνυ
2313 1971 2483 2024 κλίνω
2513 1972 2608 2023 καὶ
2640 1970 2934 2024 ὑποπεσὼν
2976 1971 3190 2041 δέομαι’
3241 1974 3338 2024 καὶ
3383 1973 3506 2043 γὰρ
3530 1953 3668 2026 ζτοῦ
3699 1991 3758 2041 γε

2154 2065 2296 2118 κατά
2325 2065 2554 2134 δύναμιν
2597 2064 2698 2118 οὐκ
2741 2065 3012 2120 ἐνέλιπον.
3069 2064 3302 2117 Ἔπειτα
3337 2066 3395 2118 δὲ
3420 2067 3539 2129 καὶ
3565 2067 3756 2134 ὑμεξ,

2151 2149 2197 2210 ὦ
2228 2157 2512 2228 παρόντες,
2544 2156 2722 2224 κύριοι
2758 2157 2983 2227 γνώμης
3013 2157 3194 2222 ὄντες,
3225 2158 3762 2230 εὐγνωμονέστερον

2153 2249 2302 2320 εἴητέ
2340 2266 2440 2319 μου
2474 2249 2600 2312 τούς
2629 2249 2824 2317 λόγους
2857 2249 3180 2316 ἀκηκοότες,
3210 2235 3305 2301 καὶ
3340 2251 3516 2318 μέχρι
3547 2251 3621 2319 δὴ
3641 2257 3646 2262 “
3670 2255 3760 2304 καὶ

2152 2343 2231 2403 είς
2266 2340 2440 2408 πέρας
2465 2340 2790 2403 ἀκούσαντες
2816 2335 2961 2394 εἶτε.
2996 2340 3060 2392 Τί
3088 2341 3150 2408 δή
3193 2358 3282 2410 μοι
3307 2341 3369 2394 τὸ
3401 2343 3501 2394 ἐπὶ
3535 2344 3760 2406 τούτοις

2153 2435 2326 2486 εἰπεῖν
2353 2447 2369 2498 ;

2219 2524 2555 2594 Λίσθάνομαι
2582 2523 2679 2592 μὲν
2706 2523 2873 2577 πάλαι
2897 2523 3050 2586 τινὰς
3096 2520 3257 2576 τοῦτο
3295 2523 3761 2592 προσδοκῶντας,

2155 2617 2312 2670 εἵπου
2343 2619 2472 2680 τοὺς
2502 2617 2836 2680 ἀποστόλους
2867 2619 2978 2678 τοῖς
3033 2619 3098 2669 ἐκ
3143 2616 3238 2669 τοῦ
3276 2617 3485 2678 παντὸς
3551 2617 3760 2681 αἰῶνος

2156 2711 2242 2762 ἐπ’
2275 2711 2528 2782 εὐσεϐείᾳ
2557 2713 2654 2766 καὶ
2702 2712 2871 2784 ἀρετῇ
2902 2712 3152 2781 λάμψασι
3192 2711 3606 2784 παραᾷὰ).οιμι,
3662 2713 3761 2764 καὶ

2152 2805 2212 2856 τό
2233 2821 2294 2872 γε
2319 2804 2414 2856 ἀπ’
2449 2802 2584 2872 ἐμοῦ
2611 2805 2912 2875 πρόθυμον.
2937 2805 3122 2866 Οὐδεὶς
3159 2804 3270 2872 γὶρ
3293 2805 3423 2871 ἡμῖν
3450 2803 3565 2855 τῶν
3599 2821 3761 2871 πρωο

2154 2901 2316 2952 τείων
2351 2896 2786 2966 ἀμφισϐητήσει,
2841 2895 2961 2948 οὐδὲ
3017 2897 3340 2962 ἀγωνιεῖται
3371 2894 3642 2963 περὶτῆς
3677 2893 3759 2944 vl-

2153 3007 2276 3052 κης,
2310 2987 2448 3057 πλὴν
2472 2989 2554 3040 ὅτι
2586 2987 2682 3040 καὶ
2707 2986 2990 3052 ὐπείξουσι
3013 2987 3238 3050 πάντες,
3273 2987 3368 3038 καὶ
3398 2985 3761 3054 παραχωρήο

2072 3074 2118 3131 C
2156 3099 2310 3134 σουσι
2362 3083 2476 3142 τοῖς
2521 3079 2844 3142 ἀποστόλοις
2888 3078 2990 3146 τῆς
3044 3076 3220 3147 δόξης.
3289 3077 3419 3146 Ἐμὲ
3469 3078 3530 3131 δὲ
3585 3078 3762 3130 τοῦτο

2161 3175 2402 3242 μάλιστα
2446 3174 2613 3243 μηδὲν
2641 3191 2693 3226 τι
2727 3171 3021 3224 σπουδαῖον
3049 3164 3188 3223 είναι
3234 3169 3296 3223 τὸ
3337 3170 3581 3240 πρᾶγμα
3633 3172 3763 3223 πεί-

2159 3264 2260 3316 θει.
2293 3263 2354 3316 Ei
2389 3263 2497 3332 γάρ
2539 3261 2613 3332 μὴ
2648 3261 2912 3329 πρόδηλον
2949 3263 3116 3316 πᾶσιν
3147 3255 3214 3331 ἦν
3246 3259 3306 3312 τὸ
3334 3260 3493 3328 παρά
3524 3260 3762 3314 πάντων

2159 3355 2588 3425 συγκεχωρηκὸς
2639 3355 2753 3416 τοῖς
2785 3351 3251 3423 εὐφημουμένοις,
3313 3353 3456 3420 τάχα
3489 3353 3559 3406 ἀν
3633 3370 3762 3404 τινα

2158 3443 2254 3496 καὶ
2285 3442 2642 3512 παραμυθίαν
2674 3441 2832 3496 τοῦτο
2860 3442 2936 3512 τῷ
2993 3441 3138 3512 λόγῳ
3193 3441 3515 3511 παρείχετο.
3594 3443 3760 3497 Ἐπεὶ

2156 3533 2294 3587 δὲτὸ
2324 3532 2530 3586 τούτων
2562 3533 2781 3601 ἀξίωμα
2815 3533 2911 3585 καὶ
2933 3533 2994 3585 τὸ
3026 3531 3158 3602 ὕψος
3184 3533 3291 3600 πρὸ
3320 3532 3503 3585 αὐτῶν
3549 3534 3759 3587 οὐδένα

2160 3625 2465 3694 θαυμάζειν
2493 3625 2576 3695 ἑᾷ,
2611 3625 2706 3675 καὶ
2759 3624 2964 3686 πάντες
2995 3623 3179 3686 αὐτοῖς
3225 3623 3658 3689 ὑπεξίστανται,
3705 3627 3758 3678 τί

2157 3731 2242 3777 τις
2278 3715 2343 3768 ἂν
2374 3713 2534 3766 πλέον
2590 3712 2738 3778 δόξαι
2793 3715 2990 3778 ποιεῖν,
3027 3715 3060 3782 ἢ
3096 3716 3148 3766 τί
3205 3714 3266 3782 δή
3298 3731 3426 3768 ποτε
3481 3718 3760 3784 περιττὴ

2159 3801 2296 3858 εἶναι
2330 3803 2616 3874 βουληθείη
2665 3805 2775 3866 τοῖς
2807 3803 3009 3870 λόγοις,
3043 3804 3204 3856 ὁπότε
3235 3806 3330 3857 καὶ
3391 3805 3564 3874 μηξὲν
3609 3801 3761 3879 περὶ

2157 3896 2353 3950 τούτου
2379 3913 2441 3962 γε
2480 3897 2690 3949 εἰπόντι
2724 3896 2984 3966 πρόσεστι
3016 3896 3076 3948 τδ
3115 3895 3326 3960 πάντας
3363 3898 3552 3961 αὐτοῖς
3587 3900 3762 3953 ἀναν·

2158 3990 2433 4059 τιρῤήτιυς
2456 3990 2520 4041 τὰ
2544 3987 2738 4056 πρῶτα
2775 3988 2882 4040 τῶν
2911 3988 3110 4056 ψήφων
3139 3989 3326 4055 νέμειν
3350 4005 3365 4055 ;
3396 3991 3491 4041 καὶ
3521 3991 3639 4061 γάρ
3675 4010 3759 4047 τοι

2160 4081 2254 4133 καὶ
2283 4079 2458 4132 οὐδενὶ
2484 4079 2594 4131 τῶν
2623 4078 2882 4131 ἁπάντων
2933 4077 3051 4131 ἐστι
3114 4082 3454 4148 περιτυχεῖν,
3505 4079 3566 4142 ὅς
3622 4083 3760 4144 τοὺς

2161 4171 2499 4240 κορυφαίους
2531 4171 2641 4223 τῶν
2681 4169 2999 4224 ἀποστόλων
3045 4170 3306 4236 ἀκούσας,
3347 4171 3447 4224 οὐκ
3481 4173 3658 4236 εὐθὺς
3691 4181 3756 4243 τῇ

2165 4263 2310 4334 ψυχῇ
2335 4261 2692 4326 διανίσταται,
2724 4261 2818 4314 καὶ
2848 4261 2957 4314 τῶν
2986 4259 3162 4315 ἄλλων
3197 4262 3449 4316 ἀπάντων
3500 4263 3754 4332 ἀποφαίο

2159 4371 2311 4408 νεται
2360 4352 2709 4424 κορυφαίους.

2227 4531 2338 4584 Καὶ
2369 4530 2670 4601 δημοτελὴς
2700 4528 2841 4597 αὕτη
2884 4529 2948 4599 δὴ
2973 4529 3099 4595 δόξα
3139 4529 3294 4599 παρά
3335 4532 3447 4594 τοῖς
3496 4531 3756 4588 εὐσεϐέσι

2160 4621 2256 4674 καὶ
2286 4621 2677 4690 ἀσφαλέστατα
2704 4622 2896 4673 πασῶν
2927 4620 3152 4690 ἔχουσα,
3182 4621 3388 4692 μηδένα
3421 4621 3534 4674 τῶν
3567 4624 3629 4674 ὲν
3654 4626 3755 4693 οἵῳ

2161 4715 2226 4784 δή
2253 4730 2362 4766 τινι
2394 4712 2539 4766 τέλει
2561 4711 3020 4780 κατειλεγμένων,
3069 4711 3194 4782 μηδ’
3251 4713 3430 4776 ὲξὶσου
3459 4717 3575 4775 τοῖς
3608 4716 3752 4768 ἀπο-

2168 4807 2378 4871 στόλοις
2413 4807 2697 4876 γίγνεσθαι
2748 4807 2917 4876 ἔχειν.
2946 4807 3020 4861 Οὐ
3065 4807 3174 4877 γάρ
3208 4809 3384 4862 ἐκεῖνό
3416 4826 3478 4876 γε
3530 4810 3646 4863 τῶν
3684 4814 3753 4864 τᾶ.

2166 4902 2389 4971 ἀσφαλῆ
2419 4900 2629 4970 κρίνειν
2671 4897 2908 4964 εἰδότων,
2959 4899 3094 4953 ὅπου
3123 4898 3186 4970 δὴ
3217 4901 3404 4969 καιρὸς
3435 4901 3545 4954 τῶν
3607 4903 3749 4954 dm-

2170 4991 2377 5043 στόλων
2434 4989 2768 5058 μεμνῆσθαι,
2821 4989 2914 5042 καί
2965 5007 3116 5052 τινας
3177 4991 3400 5060 ἑτέρους
3447 4995 3745 5059 παράγειν,

2170 5083 2298 5135 ἄλλο
2326 5098 2382 5133 τε
2417 5079 2483 5133 ἂν
2523 5083 2615 5132 καὶ
2653 5085 2727 5150 μὴ
2769 5082 2910 5134 κατά
2948 5080 3122 5134 ταῦτα
3155 5080 3745 5151 θαυμασθησομὲνους,

2169 5171 2240 5233 ὡς
2270 5171 2333 5233 δὴ
2363 5173 2427 5240 τῇ
2453 5173 2658 5222 τούτων
2690 5170 3016 5241 παραθέσει,
3047 5170 3156 5224 τῶν
3179 5171 3500 5224 ἀποστόλων
3537 5175 3596 5224 τι)
3629 5177 3747 5244 psi-

2172 5263 2265 5326 ζον
2301 5262 2529 5326 ἐξόντων
2557 5261 2746 5331 ὥσπερ
2775 5262 2896 5314 οὐδὲ
2923 5262 3084 5315 τοῦτό
3113 5279 3176 5330 γε
3201 5263 3312 5315 τῶν
3336 5264 3650 5316 ἀποστόλων
3685 5267 3746 5318 τὸ

2174 5357 2251 5425 μὴ
2278 5357 2458 5407 πᾶσαν
2492 5355 2684 5408 θέσθαι
2709 5354 2972 5424 σπουδὴν,
3000 5355 3211 5417 πάντας
3263 5355 3320 5407 ὲν
3356 5357 3524 5409 πᾶσιν
3574 5357 3741 5425 ὑπερ-

2174 5448 2455 5510 ϐαλέσθαι,
2485 5447 2561 5510 ὼς
2602 5448 2793 5519 μηδενὶ
2848 5447 3044 5501 διδόναι
3069 5448 3147 5514 τῷ
3183 5447 3405 5517 μεγέθει
3431 5449 3527 5501 καὶ
3556 5449 3744 5518 πλήθει

2172 5540 2280 5591 τῶν
2311 5534 2787 5607 κατωρθωμένων,
2819 5540 3181 5608 παραθέσεως
3220 5541 3354 5606 πρὸς
3399 5538 3598 5600 αὐτοὺς
3638 5541 3741 5607 χὼ-

2181 5647 2297 5695 ραν,
2327 5629 2538 5680 Οὐκοῦν
2567 5629 2687 5682 οὐδὲ
2711 5628 2801 5681 τὸν
2823 5630 2976 5698 ἥλιον
3014 5631 3362 5699 περάγωτες
3394 5631 3488 5681 καὶ
3530 5632 3618 5680 ἐκέ
3639 5649 3739 5696 στιρ

2177 5721 2283 5772 τῶν
2317 5720 2559 5784 ἀστέρων
2619 5721 3006 5783 παρατιθέντες
3056 5739 3108 5773 τε
3163 5725 3250 5773 καὶ
3299 5721 3736 5780 ἀντεξετάζοητκ
