3992 6210
283 340 423 404 laba

1269 341 1680 402 ENCOMIUM
1725 345 1808 404 SS
1868 347 2096 407 PETRI
2139 349 2234 407 ΕΤ
2260 351 2508 414 PAULI.

3388 357 3526 423 1090

278 452 699 522 θαυμασεμεῗα.
739 452 897 516 ’Ἅλις
926 453 1035 520 γὰρ
1068 453 1228 515 αὐτὸς
1265 456 1430 509 αὑτοῦ
1469 461 1733 528 μετρήσει
1763 463 1852 512 καὶ

1959 483 2376 535 componamus,
2419 469 2588 536 magis
2619 484 2740 521 eum
2775 479 3057 538 propterea
3088 472 3478 529 admirabimur
3507 495 3521 542 ;

279 545 474 606 κάλλος
505 544 598 595 καὶ
645 541 898 611 μέγεθος.
930 543 1054 613 ’Ἆρ’
1081 540 1174 597 οῦν
1207 547 1340 616 ὁρᾷν
1384 548 1553 611 ἐστιν,
1612 550 1760 612 ὅπως
1792 550 1851 602 οῦ

281 637 580 703 προσέσται
615 636 714 704 τὴν
763 634 900 704 πρὸς
951 637 1075 700 τοὺς
1126 637 1318 700 ἄλλους
1364 641 1711 704 ἀντεξέτασιν
1741 641 1852 696 τῶν

279 729 592 781 ἀποστόλων
637 728 996 796 εὐπρόσωπον
1049 731 1115 782 ἂν
1149 731 1458 799 προσιέναι,
1507 733 1602 786 καὶ
1637 735 1852 803 προσίοι

288 823 410 891 μηδ’
463 823 626 893 ἔργον
675 815 816 873 εἷναι
865 820 1074 889 ταύτης
1134 823 1192 874 ὲν
1246 822 1325 890 τῷ
1376 825 1604 892 παρόντι
1663 826 1846 894 μηδέν.

290 914 464 968 Τοῦτο
495 913 592 983 μὲν
621 910 713 964 οῦν
743 911 893 973 εἴτις
911 910 1080 974 οὕτως
1106 912 1181 975 ὡς
1211 911 1320 980 ἐγώ
1351 931 1490 982 φημι
1515 915 1624 967 δεῖν
1643 916 1849 972 οῖεσ¹1αι

284 1006 485 1076 κρίνει,
521 1003 788 1057 κάλλιστα
840 1002 1054 1071 κρίνειο
1083 1005 1180 1057 καὶ
1228 1005 1445 1074 ἀπόχρη
1489 1005 1654 1074 μηδὲν
1687 1008 1848 1059 πλέον

281 1103 396 1162 τοῖς
426 1099 508 1160 είς
557 1095 730 1149 ταῦτα
771 1093 991 1164 ἔχουσιν
1033 1095 1446 1166 ἐμϐραδύνοντα
1485 1097 1684 1164 λόγοις,
1743 1098 1849 1152 τῶν

282 1193 472 1262 πρόσω
499 1189 738 1258 ἔχεσθαι.

242 1328 261 1351 '.
357 1284 591 1335 Κὰκείνο
616 1280 672 1333 δὲ
704 1279 758 1332 εῐ
795 1298 877 1344 τις
915 1281 1036 1349 ἐμοὶ
1070 1281 1244 1334 ταῦτα
1278 1282 1576 1334 σπουδάσαι
1614 1281 1846 1349 θελήσας

261 1370 437 1436 ’,ἐκτὸς
480 1373 572 1425 τοῦ
606 1373 788 1433 καλῶς
840 1373 1050 1440 homo;
1084 1374 1277 1435 οἴεται,
1309 1373 1643 1442 παραϐαλεῖν
1676 1375 1846 1443 ἀλλή-

260 1447 392 1523 λοις
425 1462 550 1526 τοὺς
574 1464 930 1526 ἀποστόλους,
967 1463 1119 1532 μόνοι
1152 1465 1286 1532 γὰρ,
1332 1466 1382 1516 εί
1434 1465 1593 1532 θέμις
1647 1467 1845 1528 εἰπεῖν,

283 1553 534 1622 ἀλὶήλοις
563 1552 657 1605 καὶ
691 1554 796 1606 ίσοι
828 1557 919 1608 καὶ
939 1553 1243 1624 κρείττους,
1270 1556 1366 1608 καὶ
1392 1549 1568 1628 οῦτος,
1607 1555 1732 1624 ἐμοὶ
1763 1559 1849 1608 δο-

287 1649 396 1708 κεῖ,
419 1646 614 1714 νόμους
639 1645 705 1698 ἂν
731 1646 902 1714 εἰδείη
927 1645 1239 1715 παραϐολῆς
1262 1665 1321 1699 τε
1347 1647 1440 1700 καὶ
1470 1647 1843 1716 παραθέσεως.

288 1741 380 1790 Δεῖ
430 1737 494 1807 δὴ
540 1737 958 1806 τεθαρρηκότως
1010 1741 1293 1806 προσιέναι
1337 1740 1448 1800 τοῖς
1498 1737 1698 1803 λόγοις,
1753 1737 1847 1788 καὶ

1962 559 2098 612 satis
2129 559 2272 612 enim
2307 559 2419 626 ipse
2453 575 2608 612 suam
2653 562 3082 628 magnitudinem
3109 573 3164 617 et
3214 566 3524 632 pulchritu-

1961 651 2140 703 dinem
2172 660 2421 704 testatnr.
2451 651 2690 718 Apparet
2719 653 2884 721 igitur
2937 656 3281 708 collationem
3307 670 3526 724 aposto-

1963 743 2134 795 lorum
2163 759 2284 796 cum
2316 745 2528 796 czeteris
2578 745 2790 799 derore
2814 761 2920 800 non
2949 761 3107 813 posse
3138 747 3370 804 inStitui.
3394 757 3446 802 et
3479 749 3521 800 si

1962 833 2302 894 instituatur,
2340 834 2546 887 nullius
2592 836 2845 902 ponderis
2901 847 2948 890 et
2995 839 3195 891 valoris
3247 853 3393 892 esse.
3453 840 3524 892 lle

1962 924 2044 978 his
2072 925 2237 993 igitur
2281 926 2484 995 siquis
2528 944 2737 979 mecum
2800 930 2983 990 sentit,
3022 940 3168 983 recte
3213 932 3398 984 sentit.
3456 932 3525 984 At

1959 1025 2191 1085 Oportet,
2241 1027 2298 1070 ut
2349 1020 2526 1072 oratio
2567 1021 2650 1073 his
2688 1020 2896 1074 diutius
2942 1036 3048 1074 non
3103 1025 3423 1085 immoraris,
3457 1023 3522 1076 ad

1959 1109 2215 1162 ulteriora
2243 1108 2644 1177 pregrediatur.

2027 1290 2250 1357 Quodsi
2309 1289 2431 1357 quis
2510 1290 2810 1344 studimius
2885 1291 3000 1344 haec
3075 1291 3256 1345 excuti
3311 1292 3521 1358 volens,

1955 1384 2252 1444 existimat,
2290 1392 2484 1452 praeter
2526 1380 2784 1434 decormu
2843 1389 3027 1434 actum
3069 1382 3156 1444 iri,
3204 1383 3247 1436 si
3294 1387 3521 1451 apostoli

1958 1478 2095 1530 inter
2147 1490 2205 1528 se
2259 1475 2634 1537 euul'et‘antur,
2687 1476 2832 1528 solos
2892 1475 3058 1540 enim,
3094 1474 3140 1530 si
3188 1475 3266 1528 fas
3315 1487 3399 1529 est
3447 1479 3526 1528 di-

1954 1583 2113 1629 cere,
2177 1565 2282 1621 sibi
2335 1574 2389 1619 et
2445 1565 2682 1633 aequales
2739 1573 2792 1619 et
2851 1565 3046 1634 seipsis
3117 1567 3525 1633 praestantioris

1954 1675 2097 1723 esse,
2132 1658 2221 1711 hic
2289 1657 2476 1720 etiam,
2531 1657 2740 1726 judicio
2804 1671 2960 1721 meo,
3018 1657 3162 1727 leges
3218 1659 3526 1713 collationis

1957 1759 2008 1803 et
2057 1748 2484 1818 comparationis
2517 1750 2714 1803 nescit.
2767 1748 2872 1802 Par
2899 1750 3043 1803 enim
3107 1758 3210 1814 est,
3253 1760 3310 1804 ut
3360 1753 3526 1805 intre-

283 1829 527 1896 νομίζειν
557 1829 691 1896 πρὸς
724 1827 946 1897 γνώμης
981 1824 1120 1880 εἶναι
1168 1827 1324 1880 τοῦτο
1351 1828 1415 1897 δὴ
1445 1830 1540 1880 καὶ
1565 1830 1682 1890 τοῖς
1711 1829 1849 1879 ἁπο-

1957 1841 2078 1910 pide
2131 1843 2441 1910 loquamur,
2503 1841 2902 1908 credamusque
2967 1841 3070 1893 hoc
3121 1845 3526 1911 ex.apostol_o-

287 1921 516 1982 στόλοις,
547 1919 713 1982 εἴτις
762 1919 1094 1988 ὑψηλότερος
1139 1919 1214 1971 ὢν
1264 1919 1358 1970 τοῦ
1406 1935 1468 1986 γε
1514 1919 1650 1988 πρὸς
1692 1919 1852 1987 χάριν

287 2012 491 2075 λέγειν,
514 2010 706 2062 ἔπειτα
735 2010 828 2062 καὶ
855 2009 1109 2079 ἀλλήλοις
1142 2010 1362 2073 αὐτοὺς,
1391 2010 1529 2077 ὅπερ
1561 2008 1725 2070 εἰσὶν,
1757 2009 1854 2060 ἐπὶ

290 2101 400 2152 τῶν
435 2104 775 2168 πραγμάτων
807 2099 954 2163 ῐσους
999 2100 1094 2153 καὶ
1137 2102 1249 2160 τοῖς
1291 2100 1468 2166 λόγοις
1502 2101 1614 2169 ἔχοι
1645 2098 1854 2152 δεικνύ-

293 2209 400 2244 ναι.
433 2192 538 2244 Καί
573 2207 653 2243 τοι
677 2192 832 2244 τοῦτο
858 2193 953 2245 καὶ
977 2192 1358 2262 φανερώτατον
1389 2195 1506 2245 ἐστι
1542 2194 1676 2244 πᾶσι
1708 2190 1852 2258 γνῶ-

296 2299 406 2346 ναι,
437 2282 510 2344 ὡς
547 2283 858 2352 ἁπανταχοῦ
907 2301 965 2336 τε
1011 2285 1108 2353 τῆς
1146 2282 1242 2336 τοῦ
1272 2285 1432 2351 λόγου
1467 2283 1854 2353 πραγματείας

293 2372 427 2441 ἡμῖν
457 2371 816 2426 ὲσπούδασται
849 2375 943 2424 καὶ
969 2373 1276 2442 τετίμηται.
1307 2374 1419 2426 Καὶ
1456 2376 1656 2436 σκοπὸς
1700 2366 1854 2436 οὗτος

295 2463 362 2531 δὴ
405 2464 516 2522 τοῖς
559 2463 823 2527 ἐπαίνοις,
860 2466 1038 2517 πάντα
1069 2464 1205 2532 πρὸς
1239 2464 1295 2516 ἓν
1325 2465 1482 2518 τοῦτο
1515 2465 1854 2517 συνελαύνων

293 2571 351 2607 τε
383 2554 475 2606 καὶ
507 2555 832 2624 συνείργωνο
865 2557 925 2608 οὐ
954 2555 1058 2625 μὴν
1087 2557 1143 2609 δὲ
1170 2557 1305 2610 ἀλλὰ
1333 2559 1608 2610 κάνταῦθα
1629 2560 1856 2627 γενομέ-

293 2663 403 2708 νοις
424 2645 518 2698 τωῦ
546 2647 727 2713 λόγου,
756 2648 848 2699 καὶ
871 2641 929 2700 οῦ
959 2649 1177 2700 πάντων
1209 2647 1442 2716 μάλιστα
1464 2649 1618 2700 τοῦτο
1643 2650 1852 2718 καιρὸς,

293 2739 562 2808 χρηστέον
594 2737 660 2791 ἂν
692 2739 777 2807 εἴη
827 2742 892 2806 τῇ
943 2739 1201 2807 προθέσει
1235 2738 1599 2802 ἐπιτείνοντας
1625 2741 1687 2793 τὸ
1718 2741 1856 2809 ἐφά-

295 2827 613 2895 μιλλον,καῖ
648 2828 1017 2889 ἀπολαύοντας
1045 2829 1140 2897 τῆς
1189 2830 1290 2896 τὴν
1327 2827 1548 2895 ἰσότητα
1590 2831 1856 2899 πρεσϐευ-

293 2919 749 2988 ούσηςεῦφημίας
776 2920 881 2971 τῶν
899 2921 1232 2973 ἁποστῦλων.
1263 2921 1326 2972 Τί
1353 2920 1414 2988 δή
1441 2935 1457 2986 ;
1488 2920 1694 2984 Παῦλος
1724 2924 1854 2990 ἡμῖν

291 3010 352 3062 τὸ
392 3009 585 3062 ἑαυτοῦ
628 3012 792 3080 μέρος
835 3011 1068 3063 ἐνταῦθα
1115 3012 1442 3080 προϐάλλει·
1491 3015 1582 3065 καὶ
1630 3015 1850 3068 ἀκούετε

289 3100 364 3164 ὡς
397 3103 696 3170 ὑπερφυές.
743 3102 863 3154 Είτε
901 3102 1006 3172 γὰρ
1039 3105 1130 3157 aut
1159 3103 1304 3173 ἄλλῳ
1342 3119 1420 3173 τῳ
1473 3108 1666 3157 σκοπεῖ
1694 3125 1773 3166 τις
1803 3109 1852 3158 εί

1961 3135 2086 3170 tium
2144 3117 2300 3169 alteri
2376 3115 2629 3183 Cuiquam

289 3193 602 3261 πρόσεστιν,
623 3193 811 3261 ὄψεται
840 3198 1044 3263 προσὸν
1067 3194 1269 3248 οὐδενί·
1297 3194 1405 3247 εἴτε
1430 3195 1538 3247 τῶν
1561 3197 1649 3249 ἐπ’
1672 3197 1853 3260 ἄλλοις

289 3285 609 3355 παραδόξως
632 3284 950 3352 προὸἀντων
975 3285 1108 3354 πρὸς
1133 3285 1317 3353 θαῦμα
1341 3286 1649 3352 ἐφέλκεται,
1675 3287 1853 3340 πάντα

293 3379 466 3446 μικρὰ
495 3377 636 3440 δόξει
665 3376 1024 3446 παραϐαλεῖν,
1051 3378 1143 3428 καὶ
1181 3372 1292 3428 οἷον
1327 3379 1462 3447 πρὶς
1494 3378 1726 3445 πέλαγος
1760 3397 1855 3433 πο-

288 3469 480 3534 ταμός.
505 3484 522 3518 ι
553 3464 703 3531 Οἶδα,
737 3471 924 3537 φησιν,
949 3468 1256 3536 ἄνθρωπον,
1290 3487 1308 3520 ι
1338 3469 1528 3522 ἑαυτὸν
1579 3470 1771 3537 λέγων,
1826 3474 1854 3523 ὁ

295 3560 437 3627 ὑπὲρ
464 3559 766 3630 ἄνθρωπον,
793 3578 812 3611 ι
843 3562 923 3622 είς
955 3563 1134 3627 τρίτον
1161 3561 1388 3629 οὐρανὸν
1410 3562 1744 3631 ἁρπαγέντα,
1762 3565 1852 3615 καὶ

291 3655 371 3715 είς
404 3653 730 3722 παράδεισον
775 3652 950 3718 αὖθις,
982 3655 1076 3706 καὶ
1111 3655 1369 3723 ῥημάτων
1403 3657 1658 3726 ἀρρήτων
1690 3656 1854 3708 ἁκού-

290 3744 519 3808 σαντα,ἂ
537 3744 611 3816 μὴ
625 3745 781 3814 Θέμις
796 3745 1065 3817 ἀνθρώπῳ
1087 3747 1282 3800 λαλεῖν.
1300 3766 1320 3799 ι
1354 3750 1415 3799 Ὢ
1433 3749 1524 3800 τοῦ
1554 3747 1846 3817 θαύματοςῐ

291 3841 612 3918 ’Δνλθρωπς
660 3841 742 3902 είς
776 3839 956 3910 τρίτον
987 3839 1216 3911 οὐρανὸν
1243 3842 1446 3904 ἀναϐάς
1475 3859 1491 3909 ;
1522 3843 1598 3904 εἰς
1625 3843 1853 3912 οὐρανὸν

285 3934 615 4004 ἄνθρωπος;
648 3932 822 3994 ποίοις
869 3934 1089 4000 πτεροῖς
1135 3933 1482 4002 κουφισθείς;
1513 3934 1643 4004 ποίᾳ
1675 3951 1854 4006 παρα-

286 4025 558 4094 πεμφθεὶς
589 4025 854 4094 κλίμακι;
880 4025 986 4076 τίνι
1015 4023 1123 4074 τῶν
1167 4023 1516 4092 ὑψηλοτάτων
1543 4025 1685 4097 ὁρῶν
1723 4027 1854 4092 ἀφε-

283 4136 348 4188 τη
361 4119 451 4189 ρίᾳ
487 4119 828 4187 χρησάμενος
851 4131 866 4182 ;
886 4114 1025 4168 Ἀλλ’
1047 4115 1148 4167 οὐκ
1173 4114 1378 4174 ἀναϐὰς
1411 4112 1588 4180 εἶπεν,
1614 4116 1728 4168 ἀλλ’
1753 4118 1853 4187 ἀρ-

292 4210 484 4276 παγείς
507 4225 522 4275 ;
551 4206 658 4260 Τοῦ
684 4207 989 4277 τεραστίουὶ
1023 4206 1222 4270 Μείζόν
1252 4223 1342 4276 μοι
1367 4206 1543 4274 λέγεις
1566 4207 1624 4261 τὸ
1643 4207 1849 4279 θαῦμα.

282 4301 438 4353 Θεῖον
467 4301 630 4364 διέξει
659 4301 721 4352 τὸ
755 4300 964 4370 χρῆμα.
1003 4297 1326 4368 Ἀνθρωπος
1359 4299 1479 4351 οὺδέ
1507 4300 1628 4353 ποτ’
1653 4302 1720 4354 ἂν
1753 4302 1852 4371 ἡρ-

281 4394 434 4462 πάγη
470 4391 546 4463 μὴ
574 4390 711 4444 Θεοῦ
743 4392 1256 4462 προσλαμϐάνοντος
1281 4405 1297 4422 ·
1339 4391 1625 4462 ἄνθρωπος
1654 4393 1754 4446 οὐκ
1784 4393 1850 4447 ἂν

279 4484 507 4553 ⁴ἡρπάγη
560 4483 696 4550 πρὶς
746 4483 999 4552 οὐρανὸν,
1033 4482 1108 4551 μὴ
1139 4482 1234 4534 τοῦ
1269 4482 1500 4552 οὐρανοῦ
1561 4484 1849 4553 γενόμενος
1884 4469 1925 4522 D

283 4575 450 4638 ἄξιος.
479 4573 606 4634 Θεδς
632 4572 731 4624 οὐκ
763 4573 827 4626 ἂν
858 4574 1074 4642 ἥρπασε
1117 4573 1208 4626 τὸν
1236 4574 1334 4643 οὐχ
1362 4575 1550 4627 ἑαυτὸν
1581 4575 1727 4641 ἄξιον
1757 4577 1853 4628 αὑ-

267 4662 377 4715 ’τοῦ
431 4667 900 4732 παρεσκευακότα.
951 4665 1192 4734 Οὐρανὸς
1240 4664 1341 4717 οὐκ
1374 4665 1441 4718 ἂν
1475 4666 1692 4730 ἐδέξατο
1740 4667 1853 4731 τὸν,

281 4757 339 4818 ὃς
364 4756 436 4826 μὴ
471 4755 703 4824 μελέτην
725 4758 810 4808 ἀεὶ
833 4757 930 4824 τὴν
952 4756 1058 4808 τῶν
1080 4756 1281 4826 γηΐνων
1303 4757 1564 4810 ἀπόθεσιν
1591 4759 1850 4812 ἐποιεῖτο.

294 4847 594 4918 ’Λνελήφθη
627 4849 722 4900 καὶ
768 4847 973 4912 Ἠλίας,
1002 4846 1115 4898 ἀλλ’
1144 4846 1219 4909 ὡς
1248 4847 1328 4908 είς
1354 4847 1446 4899 τὸν
1472 4849 1724 4917 οὐρανὸν,
1759 4853 1856 4906 καὶ

280 4939 401 4991 οὐδὲ
430 4939 645 5008 πρῶτον
671 4939 902 5010 οὐρανὸν
927 4936 1273 5006 ὑπερκύψας.
1304 4937 1512 5002 Παῦλος
1536 4939 1592 4996 δὲ
1621 4943 1713 4995 καὶ
1736 4943 1854 5012 τρί-

279 5046 370 5081 τον
401 5028 634 5099 διέσχεν.
1351 5086 1354 5088 .

358 5124 498 5193 Ἤδη
548 5124 602 5177 δὲ
637 5125 731 5178 καὶ
787 5131 1074 5200 προφήτης
1123 5129 1309 5200 Έτερος
1345 5131 1496 5186 ἰδεῖν
1547 5129 1701 5185 εἶπεν
1747 5132 1845 5185 ἐπὶ

279 5215 496 5283 θρόνου
541 5217 649 5270 τὸν
679 5217 921 5286 Κύριον.
969 5221 1110 5274 Ἀλλ’
1161 5217 1300 5274 εἶδεν
1351 5223 1533 5275 ὅντινα
1588 5223 1650 5293 δή
1714 5241 1846 5276 ποτε

278 5308 501 5375 τρόπον,
536 5304 679 5361 εἶδεν
729 5311 830 5381 οὐχ
874 5312 1171 5382 ἁρπαγεὶς,
1221 5315 1342 5368 οὐδὲ
1389 5314 1466 5382 τῷ
1529 5313 1846 5384 βλεπομένῳ

280 5399 474 5454 συνών.
527 5401 737 5465 Παῦλος
764 5403 820 5456 δε
867 5405 1073 5474 πηλικα
1102 5423 1159 5457 τε
1194 5405 1322 5468 εἶδε,
1350 5407 1443 5459 καὶ
1474 5408 1578 5459 τίνι
1610 5410 1847 5460 συνεῖναι

277 5490 422 5560 εἶχεν
451 5493 542 5545 ἐπὶ
575 5493 668 5546 τοῦ
699 5495 886 5564 τρίτου
921 5496 1152 5568 οὐρανοῦ
1178 5515 1191 5563 ;
1220 5501 1321 5552 κᾶν
1357 5499 1430 5571 μὴ
1462 5499 1625 5565 λέγω,
1663 5501 1849 5553 συλλο-

277 5583 526 5651 γίζεσθαι
569 5584 988 5659 πάνταςοίμαι.
1039 5589 1267 5653 Ἕνθους
1299 5591 1518 5661 γίνομαι
1559 5590 1732 5644 ταῦτα
1764 5590 1848 5643 λέο

345 5764 387 5796 "
421 5763 460 5816 ll
487 5765 611 5818 Cur.
643 5765 736 5828 im,
764 5768 815 5831 5,
853 5767 901 5821 ιί.
1010 5769 1051 5798 ’³
1081 5768 1178 5822 lsa.
1221 5785 1291 5834 τι,
1363 5772 1406 5822 i.

1957 1948 2072 1984 rum
2125 1940 2306 1985 mente
2335 1945 2476 1994 esse,
2515 1930 2559 1985 si
2593 1930 2714 1998 quis
2761 1929 2828 1982 ad
2875 1930 3099 1998 gratiam
3151 1931 3287 1985 nihil
3318 1933 3525 1998 dicere,

1954 2033 2008 2078 et
2050 2022 2182 2077 nihil
2211 2023 2436 2077 auribus
2493 2022 2624 2077 dare
2665 2024 3032 2087 consueverit,
3073 2023 3265 2077 deinde
3315 2027 3360 2078 si
3391 2027 3528 2078 invi-
3569 2048 3579 2057 -

1954 2130 2094 2180 eeui,
2141 2115 2192 2169 id
2253 2114 2398 2184 quod
2453 2127 2600 2178 sunt,
2653 2114 2817 2170 rebus
2871 2115 3035 2183 gestis
3087 2117 3326 2186 aequales
3405 2133 3527 2171 esse

1955 2209 2334 2263 demonstrare
2376 2206 2614 2275 quiverit
2648 2223 2663 2261 :
2699 2221 2819 2260 nam
2853 2207 3110 2261 oumibus
3169 2210 3386 2273 cognitu
3443 2221 3527 2264 est

1957 2295 2316 2363 facillimuml,
2394 2311 2494 2350 nos
2540 2296 2591 2349 in
2656 2295 2705 2347 id
2769 2304 2882 2349 toto
2945 2297 3212 2350 orationis
3288 2297 3525 2351 decursu
3579 2315 3582 2318 '

1958 2387 2116 2442 unice
2159 2387 2474 2441 incubuisse
2502 2427 2518 2452 ,
2547 2395 2600 2440 et
2651 2386 3054 2441 laudationibus
3101 2389 3200 2441 iste
3255 2387 3376 2441 finis
3407 2403 3528 2455 pro-

1957 2481 2168 2550 positus
2214 2488 2318 2544 est,
2365 2489 2425 2534 ut
2488 2479 2670 2532 oumia
2722 2479 2788 2533 ad
2857 2494 3024 2534 unum
3080 2480 3408 2533 contrahant
3474 2489 3528 2534 tt

1957 2572 2283 2628 conducant.
2317 2574 2380 2626 Et
2411 2573 2535 2641 quia
2584 2573 2688 2627 huc
2729 2571 2997 2640 processit
3029 2574 3241 2637 oratio},
3271 2573 3530 2642 quodque

1957 2663 2336 2732 opportunitas
2389 2663 2622 2719 maxime
2652 2663 2841 2730 exigit,
2874 2659 3136 2716 utendum
3183 2677 3302 2717 esse
3331 2678 3530 2717 censeo

1957 2755 2190 2819 ratione,
2226 2768 2348 2821 qua:
2401 2754 2480 2809 .ad
2540 2755 2825 2822 paritatem
2886 2753 3060 2813 ducit,
3128 2749 3528 2820 [tuendumque

1955 2843 2284 2912 aequalitatis
2327 2843 2468 2896 inter
2533 2843 2807 2913 apostolos
2855 2841 3145 2910 praeconio.
3208 2841 3269 2892 Et
3325 2841 3530 2896 Paulus

1955 2936 2174 3005 quidem
2223 2950 2347 2988 suas
2401 2941 2583 3004 partes
2655 2933 2810 2986 nobis
2852 2932 2966 2985 hie-
2998 2931 3293 2996 coacedit;
3354 2941 3527 2984 atten-

1956 3029 2089 3086 dite,
2119 3040 2279 3094 quant
2309 3025 2610 3092 ingeniose.
2643 3021 2770 3075 Nam
2797 3022 2926 3075 licet
2958 3023 3080 3091 quis
3101 3023 3525 3091 circumspiciat,

2729 3113 3042 3180 conveniat,
3113 3114 3527 3179 animadvertat,

1957 3207 2092 3262 nulli
2158 3207 2312 3261 alteri
2369 3206 2685 3271 convenire,
2724 3214 2776 3258 et
2833 3205 2876 3259 si
2920 3206 3048 3274 quid
3123 3221 3289 3274 supra
3357 3205 3530 3259 admi-

1957 3300 2221 3353 rationem
2298 3312 2421 3350 cmn
2477 3296 2601 3350 aliis
2657 3305 2868 3364 gestum
2949 3295 3272 3360 adducatur,
3344 3296 3526 3349 omnia

1954 3388 2019 3442 ad
2079 3388 2542 3455 comparationem
2598 3387 2806 3438 minuta
2899 3383 3248 3446 videbuntur,
3279 3392 3333 3437 et
3380 3386 3526 3436 velut

1954 3479 2150 3534 ﬂuvius
2217 3479 2284 3531 ad
2343 3492 2514 3531 mare.
2552 3493 2570 3526 ι
2604 3477 2752 3540 Scio,
2789 3473 2985 3542 inquit,
3040 3474 3339 3534 hominem.
3385 3492 3402 3524 ι
3457 3476 3525 3526 de

1954 3573 2133 3640 seipso
2188 3571 2436 3638 loquens,
2479 3570 2524 3623 is
2569 3569 2662 3637 qui
2704 3582 2867 3635 supra
2918 3567 3193 3619 hominem
3227 3578 3364 3629 erat,
3403 3585 3420 3616 ι
3470 3569 3523 3618 in

1956 3665 2174 3718 tertium
2227 3662 2426 3715 caelum
2477 3655 2711 3726 raptum,
2743 3667 2799 3710 ct
2833 3658 2883 3710 iu
2930 3658 3268 3727 paradisum,
3307 3668 3359 3709 et
3391 3657 3514 3709 incf

1954 3757 2137 3813 fabilia
2188 3757 2347 3810 verba
2381 3754 2676 3816 audivisse,
2739 3768 2857 3820 qua:
2906 3766 3014 3804 non
3068 3757 3152 3804 est
3186 3749 3265 3803 l'as
3338 3748 3521 3818 eloqui

1954 3851 2155 3906 homini
2188 3851 2255 3902 ”.
2293 3867 2309 3898 ι
2335 3847 2376 3902 Ο
2407 3846 2758 3901 miraculum!
2796 3844 2966 3898 I'iumo
3000 3846 3052 3896 in
3081 3845 3293 3896 tertium
3323 3842 3519 3897 cw'tru

1957 3937 2253 3998 ascendens
2278 3941 2299 3994 ?
2328 3941 2382 3994 lu
2433 3941 2627 3992 cwlum
2667 3938 2866 3990 homo?
2893 3935 3153 4001 Qualibus
3208 3936 3305 3987 alis
3335 3935 3520 3987 sulule-

1951 4037 2148 4091 vatus?
2194 4034 2404 4099 Quibus
2464 4029 2818 4085 transmissa-3
2883 4028 3048 4083 scalis
3088 4027 3112 4080 ?
3149 4025 3268 4092 Quo
3326 4026 3392 4077 alt
3423 4042 3447 4078 s
3483 4028 3522 4074 i-

1953 4141 2166 4181 morum
2199 4125 2464 4178 montium
2494 4120 2827 4175 adminiculo
2877 4117 3054 4173 usus?
3081 4118 3146 4170 At
3179 4132 3286 4170 nun
3350 4117 3507 4176 dislt,

1953 4217 2277 4281 ascendens,
2354 4214 2448 4269 sed
2496 4224 2700 4281 raptus.
2745 4210 2788 4267 Ο
2822 4209 3161 4282 prodigium!
3206 4207 3375 4275 Majas
3425 4208 3522 4259 mi-

1954 4309 2196 4364 raculum
2234 4321 2447 4361 narras.
2484 4305 2730 4359 Divinam
2767 4319 2880 4359 rem
2929 4315 3340 4356 commemoras.
3374 4298 3522 4351 Nun-

1953 4419 2116 4472 quam
2166 4402 2328 4454 homo
2362 4407 2549 4468 raptus
2604 4395 2821 4460 fuisset,
2871 4393 2979 4448 Deo
3034 4409 3142 4447 non
3182 4399 3514 4446 assumeute.

1957 4495 2129 4550 llomo
2164 4507 2444 4562 nunquam
2494 4489 2559 4543 ad
2587 4490 2784 4542 caelum
2812 4496 2996 4556 raptus
3026 4495 3193 4551 esset,
3242 4483 3334 4554 qui
3377 4484 3517 4537 coetu

1951 4589 2146 4656 dignus
2173 4601 2283 4640 non
2309 4594 2468 4640 esset.
2494 4581 2635 4636 Deus
2657 4597 2759 4634 non
2786 4579 3077 4648 rapuisset,
3105 4577 3196 4647 qui
3234 4592 3290 4630 se
3316 4575 3420 4628 Deo
3440 4575 3521 4626 tl“-

1950 4695 2115 4749 gnum
2139 4693 2244 4732 non
2270 4674 2617 4730 reddidisset.
2647 4669 3323 4739 Caelumlnonirect-pissct,
3343 4666 3428 4719 cui
3457 4664 3522 4716 de

1951 4773 2116 4827 rebus
2189 4770 2422 4824 terrenis
2460 4763 2905 4834 derelinquendis
2960 4761 3182 4816 assidua
3239 4758 3523 4812 meditatiu

1953 4881 2064 4919 non
2142 4861 2352 4916 fuisset.
2414 4860 2742 4924 Assumptus
2796 4864 2878 4909 est
2959 4853 3119 4906 etiam
3183 4852 3366 4918 Elias;
3423 4847 3521 4902 sed

1949 4956 2105 5026 quasi
2143 4955 2196 5008 in
2264 4952 2484 5013 cadum,
2519 4961 2570 5004 et
2609 4964 2784 5018 neque
2823 4946 3056 5016 primtun
3090 4944 3288 4997 carluiu
3345 4950 3522 4992 transv

1949 5063 2188 5119 gressus.
2236 5047 2303 5098 At
2356 5044 2554 5096 Paulus
2612 5041 2832 5095 tertium
2866 5052 3081 5106 quoque
3111 5037 3302 5089 tenuit.

2017 5137 2246 5204 Quidam
2308 5135 2490 5188 itidem
2542 5148 2604 5185 cx
2659 5129 2936 5199 praphetis
2982 5127 3156 5179 dicit.
3213 5139 3265 5176 se
3329 5121 3518 5174 vidisse

1941 5233 2204 5291 scientem
2267 5226 2544 5279 Dominum
2607 5237 2765 5288 super
2832 5217 3073 5271 thronum
3106 5216 3169 5266 ".
3230 5214 3330 5266 Sed
3388 5212 3522 5264 vidit

1963 5317 2472 5389 quomodocunque.
2524 5311 2690 5374 Vidit,
2744 5326 2852 5362 non
2888 5317 3095 5376 raptus,
3153 5317 3326 5370 neque
3383 5314 3522 5367 pia:-

1963 5425 2088 5464 sens
2133 5410 2204 5471 ei,
2257 5423 2417 5475 quem
2451 5404 2604 5456 vidit.
2638 5402 2834 5454 Paulus
2891 5412 3018 5451 vero
3048 5395 3225 5464 qualia
3278 5392 3430 5452 vidit,
3468 5397 3523 5442 et

1963 5505 2048 5556 cui
2097 5501 2150 5554 in
2195 5499 2356 5551 tertio
2416 5497 2554 5549 caalo
2627 5487 2901 5562 praesens?
2955 5486 3118 5540 etiam
3177 5496 3261 5534 me
3307 5479 3520 5541 silente,

1959 5609 2149 5648 omnes
2182 5590 2233 5645 id
2289 5589 2547 5657 colligere
2576 5594 2626 5640 ct
2672 5581 2971 5651 intelligere
3032 5590 3176 5631 reor.
3214 5572 3378 5627 Extra
3435 5584 3525 5624 tuo
