4020 6210
231 325 361 383 i131

1226 310 1635 372 ENCOMIUM
1681 308 1763 364 SS
1825 304 2053 363 l’ETill
2092 304 2180 361 ΕΤ
2233 302 2484 361 PAULI.

3361 287 3492 351 ιιπε

224 429 500 497 γελμένης
544 426 661 495 ἃμα
695 431 773 496 τῷ
802 425 1049 495 Δεσπότῃ
1092 422 1382 494 καθέδρας,
1417 424 1523 474 τίνι
1579 420 1801 481 πλείους

1942 419 2057 468 tino
2093 415 2358 478 promissa
2391 411 2658 473 sessione,
2702 408 2827 477 quis
2872 404 3120 475 pluribus
3178 412 3230 457 et
3269 400 3493 469 majori-

225 521 469 586 δόξουσιν
500 520 532 587 ἥ
571 518 794 588 μείζους
828 519 1111 586 προσεῖναι
1146 535 1158 581 ;

301 612 608 683 Στρατηγοὶ
648 610 788 681 μετά
836 608 1083 673 τούτους,
1119 611 1211 663 καὶ
1246 609 1347 663 ὅσα
1398 607 1507 660 τῶν
1550 609 1805 677 ήγεμονισ-

230 707 343 758 κῶν
371 705 657 774 ὀνομάτων
708 702 779 755 τὰ
828 702 1045 769 μεγαλα
1084 702 1408 771 χειρίζουσι,
1456 700 1706 766 πολέμων
1732 700 1807 749 ol-

232 796 495 864 διονομίας
524 794 588 864 δὴ
614 794 779 861 λέγω,
823 794 918 845 καλ⁹
962 793 1338 861 στρατοπέδων
1372 790 1715 857 καταλόγους
1750 806 1809 841 τε

233 887 330 938 καὶ
370 885 673 949 συντάξεις,
721 886 801 936 ἔτι
848 900 907 935 τε
947 884 1125 953 μάχης
1156 884 1373 950 ἀγῶνας
1405 881 1807 945 παντοδαποὺς,

234 980 329 1031 καὶ
357 968 567 1029 πόλεων
599 976 918 1044 πολιορκίας
943 994 1001 1027 τε
1032 978 1126 1028 καὶ
1158 974 1411 1038 ἁλώσεις,
1438 976 1532 1026 καὶ
1558 974 1658 1026 ὅσα
1686 974 1813 1043 περὶ

236 1073 389 1132 νίκας
424 1072 517 1123 καὶ
547 1072 787 1139 τρόπαια
819 1070 913 1123 καὶ
951 1069 1048 1139 τὴν
1079 1068 1246 1138 ἄλλην
1290 1068 1609 1133 ἐξετάζεται
1642 1066 1813 1118 λείαν.

238 1164 476 1231 Οὐκοῦν,
514 1164 690 1225 οὐδεὶς
720 1163 827 1214 τῶν
876 1162 1193 1214 ἀποστόλων
1248 1161 1531 1228 παρόντων
1580 1174 1818 1226 στρατη-

238 1256 366 1325 γίαν
398 1255 702 1325 κομπάσει.
722 1253 799 1305 Οὐ
827 1254 937 1322 γὰρ
969 1255 1099 1322 περὶ
1131 1252 1367 1321 μικρῶν,
1397 1250 1516 1303 οὐδὲ
1546 1251 1677 1321 πρὸς
1707 1250 1819 1302 ὀλί-

240 1366 392 1416 γους,
425 1347 457 1419 ἢ
492 1347 613 1417 μετ’
634 1346 856 1415 ὀλίγων,
893 1345 925 1416 ἢ
966 1345 1055 1397 ἐπ’
1083 1345 1266 1409 ὀλίγον
1297 1344 1479 1406 αὐτοῖς
1508 1346 1535 1396 ὁ
1560 1344 1818 1412 πόλεμο·,

242 1442 381 1495 ἀλλά
436 1440 568 1509 περὶ
602 1437 886 1508 βασιλείας
921 1437 1195 1490 ἀθανάτου
1246 1437 1355 1488 τῶν
1402 1436 1654 1506 οὐρανῶν
1683 1476 1696 1498 ,
1728 1438 1822 1489 καὶ

245 1533 385 1603 πρὸς
424 1533 609 1593 πάσας
640 1531 737 1593 τάς
764 1530 859 1583 τοῦ
889 1530 1115 1591 σκότους
1146 1528 1345 1598 ἀρχὰς,
1382 1532 1477 1583 καὶ
1534 1528 1651 1598 μεθ’
1683 1531 1822 1581 ὅσων

244 1632 272 1680 ὀ
295 1629 499 1695 κόσμος
530 1624 835 1694 ἀνθρώπων
866 1624 1023 1693 φέρει
1056 1626 1151 1677 καὶ
1190 1623 1275 1690 ἐφ’
1315 1624 1439 1675 ὅσον
1469 1621 1535 1675 ἂν
1562 1622 1826 1692 πρρκραί-

248 1736 331 1770 νοι
372 1717 439 1768 τὰ
487 1717 586 1785 τῆς
627 1716 917 1784 γενέσεως.
969 1713 1044 1765 Oti
1100 1711 1208 1783 γὰρ
1252 1712 1468 1782 ἄδηλον,
1500 1712 1583 1763 ὅτι
1612 1712 1707 1764 καὶ
1732 1711 1827 1764 νῦν

252 1808 653 1880 στρατηγοῦσιν

328 1992 443 2046 Οὐκ
491 1990 688 2058 ἄτιμον
729 1988 867 2058 μετὰ
913 1986 1139 2051 τούτους
1185 1988 1297 2057 ὁρῶ
1323 1988 1515 2058 χρῆμα
1544 1988 1636 2041 τὸν
1673 2005 1837 2058 στρα-

257 2087 481 2151 τιώτην.
514 2083 622 2134 Καὶ
666 2064 775 2151 γὰρ
828 2081 1061 2133 ἔκτοπον
1109 2075 1261 2142 οὗτος
1313 2080 1494 2149 θέαμα
1531 2082 1627 2134 σὺν
1651 2080 1837 2141 ὅπλοις

258 2178 554 2247 ἐρώμενος,
591 2178 685 2227 καὶ
739 2175 851 2236 τοῖς
911 2175 1123 2243 ἐχθροῖς
1177 2174 1258 2235 εἰς
1320 2176 1512 2243 χεῖρας
1566 2174 1682 2227 ίών.
1732 2175 1839 2226 Καὶ

258 2270 419 2322 τοῦτο
467 2270 523 2322 δὲ
562 2268 644 2330 τίς
678 2269 777 2321 οὐκ
828 2269 894 2321 ἂν
923 2267 1038 2337 δοίη
1067 2269 1180 2329 τοῖς
1218 2252 1585 2334 ἀποστόλοις;
1622 2268 1697 2320 Ού
1732 2268 1839 2336 γὰρ

260 2364 408 2423 ὅπως
459 2361 585 2423 τοὺς
631 2361 825 2422 ἄλλους
878 2362 1016 2430 πρὸς
1048 2361 1143 2413 τὸν
1176 2362 1560 2430 πνευματικὸν
1593 2359 1840 2430 παραθή-

259 2470 451 2522 γοντες
481 2453 742 2521 πόλεμον,
796 2454 949 2506 αύτοί
982 2471 1043 2521 γε
1078 2453 1319 2523 ἠμέλουν
1345 2495 1359 2519 ,
1398 2455 1534 2507 ἀλλὰ
1574 2457 1671 2508 καὶ
1708 2455 1835 2509 καθ’

260 2546 457 2607 αὐτοὺς
492 2547 913 2616 παρετάττοντο.
963 2546 1332 2599 Ἐδεδοίκεσαν
1367 2546 1498 2617 γὰρ,
1549 2546 1627 2610 ὡς
1660 2547 1839 2600 αὐτῶν

258 2636 376 2689 εστι
408 2637 677 2705 λεγόντων
726 2635 968 2699 ἀκούειν,
1023 2637 1225 2705 μήπως
1269 2637 1452 2700 ἄλλοις
1482 2637 1837 2707 κηρύξαντες.

266 2728 441 2793 αὐτοὶ,
470 2729 545 2797 τῷ
589 2726 657 2781 δι’
691 2728 929 2789 ἐκείνους
968 2729 1163 2799 θάρρει
1206 2728 1557 2797 ψευσθέντες,
1589 2730 1840 2799 ἀδόκιμοι

259 2824 548 2886 γένωνται.
585 2821 696 2874 Καὶ
745 2821 851 2890 μὴν
898 2823 993 2874 καὶ
1022 2821 1281 2893 ἀριστεὺς
1319 2822 1653 2891 στρατιώτου
1683 2840 1841 2892 περι-

260 2914 614 2981 φανέοτερος.
648 2913 712 2963 Τί
740 2913 849 2982 γὰρ
881 2912 1074 2965 τούτου
1103 2912 1306 2981 μᾶλλον
1334 2914 1399 2966 ἄν
1428 2930 1513 2975 τις
1546 2914 1840 2982 ἀγάσαιτο,

260 3007 517 3074 φάλαγγα
561 2996 967 3057 τῶνέναντίων
1004 3005 1325 3075 ῥηγνύντος,
1358 3008 1454 3060 καὶ
1489 3008 1700 3077 τροπὴν
1740 3010 1841 3061 αύσ

257 3099 367 3152 τῶν
413 3099 765 3169 ποιουμένου,
803 3098 899 3151 καὶ
951 3101 1210 3162 νικῶντος
1240 3141 1253 3165 ,
1288 3103 1400 3163 τοῖς
1439 3102 1581 3164 ὅλοις
1629 3102 1727 3154 καὶ
1765 3103 1845 3154 ol-

1909 508 2011 561 bus
2040 510 2346 559 cumulatus
2383 504 2530 556 fuit?

1983 597 2111 651 Post
2146 612 2301 665 reges
2339 602 2644 665 sequuntur
2704 591 2827 646 belli
2885 590 3076 653 duces,
3124 595 3176 640 et
3226 594 3496 653 quoiquoi.

1912 691 2141 745 illustria
2176 689 2548 759 praefectorum
2581 686 2898 740 militarium
2938 682 3156 737 nomina
3212 692 3259 733 et
3308 677 3494 729 munia

1914 792 2130 851 gerunt,
2171 782 2432 835 bellorum
2490 778 2917 839 administratio,
2970 776 3219 842 inquam,
3284 769 3496 824 exerci-

1916 882 2067 925 tuum
2101 871 2334 940 catalogi
2368 883 2419 925 et
2452 870 2695 933 ordines,
2752 868 2903 923 varia
2958 878 3264 935 pugnarum
3315 872 3495 916 certu-

1920 966 2091 1027 mina,
2130 963 2351 1016 urbium
2394 962 2710 1016 obsidiones
2762 972 2817 1015 et
2881 957 3291 1026 occupationes.
3326 965 3378 1006 ct
3426 966 3489 1002 cu

1919 1073 2039 1125 qua:
2072 1056 2135 1107 ad
2198 1055 2476 1113 victorias.
2529 1054 2593 1105 ad
2644 1063 2847 1123 tropaza
2873 1058 2928 1105 et
2961 1050 3026 1103 ad
3063 1058 3310 1102 crateram
3360 1060 3499 1110 pnu-

1919 1148 2046 1201 dam
2101 1146 2394 1214 pertinent.
2451 1147 2517 1198 At
2594 1145 2740 1198 enim
2820 1141 3175 1212 praesentibus
3240 1140 3501 1207 apostolis

1922 1241 2180 1296 ncmode
2232 1256 2290 1293 re
2332 1239 2527 1294 bellica
2566 1238 2724 1292 facile
2772 1252 2828 1292 se
2856 1236 3190 1305 iactaverit:
3224 1249 3329 1286 non
3355 1232 3499 1285 enim

1927 1335 2025 1387 fuit
2070 1333 2177 1387 illis
2208 1332 2413 1387 bellum
2474 1331 2541 1385 dc
2572 1330 2738 1385 rebus
2790 1329 3028 1399 exiguis,
3084 1341 3259 1395 neque
3313 1333 3501 1377 contra

1927 1440 2152 1495 paucos,
2184 1440 2363 1495 neque
2396 1439 2519 1478 cum
2554 1423 2763 1492 paucis,
2805 1437 2982 1491 neque
3016 1434 3192 1489 pauco
3239 1427 3503 1482 tempore.

1928 1520 2024 1573 sed
2093 1519 2163 1573 de
2224 1517 2519 1572 immortali
2575 1517 2840 1570 caelorum
2896 1528 3087 1584 regno,
3128 1520 3182 1565 ct
3243 1512 3506 1563 adt-ursus

1928 1625 2120 1663 omnes
2186 1610 2536 1661 tenebrarum
2593 1614 2916 1676 potestates,
2955 1617 3010 1658 et
3042 1618 3166 1656 rum
3230 1608 3329 1662 tot,
3378 1606 3508 1666 Quot

1931 1703 2170 1756 mundus
2199 1700 2449 1755 homines
2478 1706 2819 1768 progenerat,
2853 1706 2905 1751 et
2957 1710 3241 1764 quousque
3282 1708 3508 1761 genera—

1862 1792 1910 1854 B
1941 1796 2014 1849 tio
2048 1794 2327 1849 hominum
2370 1793 2548 1847 durat.
2584 1791 2701 1846 Non
2732 1792 2877 1846 enim
2940 1789 3233 1845 obscurum
3266 1795 3370 1850 est,
3413 1801 3508 1839 eos

1940 1889 2103 1943 etiam
2146 1902 2292 1941 nunc
2340 1887 2602 1941 militare.

2010 1980 2139 2034 Post
2169 1980 2269 2035 hos
2314 1981 2565 2049 sequitur
2595 1979 2773 2041 miles,
2800 1977 2942 2031 hami
2977 1976 3215 2046 ignobile
3243 1984 3297 2029 et
3348 1974 3507 2028 inho-

1942 2089 2136 2128 norum
2163 2088 2358 2126 nomen
2384 2090 2397 2126 :
2433 2071 2644 2138 insigne
2666 2071 2806 2125 enim
2829 2069 3203 2139 spectaculum
3227 2075 3310 2121 est
3333 2067 3510 2120 vidi-re

1942 2177 2212 2220 armatum
2241 2165 2464 2218 militem
2489 2164 2543 2217 in
2567 2164 2751 2217 hostes
2775 2170 2922 2217 recta
2947 2160 3277 2215 tendentem.
3307 2159 3368 2211 Et
3392 2159 3510 2226 quis

1944 2262 2081 2314 banc
2118 2257 2328 2311 laudem
2377 2256 2639 2325 apostolis
2679 2271 2782 2308 non
2813 2251 3189 2308 concesserit?
3220 2249 3338 2305 Non
3370 2249 3512 2303 cuitu

1943 2351 2079 2405 alios
2111 2350 2165 2404 in
2208 2350 2409 2404 bellum
2443 2346 2728 2418 spirituale
2749 2346 3038 2409 acuebant,
3077 2344 3179 2415 ipsi
3210 2357 3337 2397 vero
3376 2341 3507 2395 otia-

1944 2444 2164 2508 bantur,
2206 2446 2298 2498 sed
2325 2453 2379 2498 et
2412 2443 2623 2512 seipsos
2664 2441 2911 2495 hostibus
2950 2438 3301 2508 objiciebant.
3336 2433 3513 2488 Tune.

1943 2536 2074 2589 baut
2098 2551 2356 2607 namque,
2392 2544 2450 2589 ut
2482 2535 2698 2603 ipsimct
2728 2541 3022 2591 testantur,
3066 2546 3134 2585 ne
3163 2530 3286 2584 aliis
3321 2528 3511 2597 prrcdi~

1943 2638 2131 2685 cautes
2149 2631 2275 2699 ipsi,
2293 2628 2515 2699 proprio
2532 2628 2723 2682 robore
2740 2627 2885 2690 falsi,
2902 2625 3247 2680 edicerentur
3269 2623 3497 2691 improbi

1942 2724 2102 2791 Atqui
2181 2722 2352 2775 milite
2416 2720 2681 2775 illusuior
2728 2728 2834 2781 est,
2868 2720 2963 2788 qui
3014 2719 3228 2773 lacinus
3268 2716 3517 2771 omnium

1944 2814 2423 2881 praeclarissimam
2489 2813 2712 2866 edidit:
2751 2827 2913 2881 quem
2979 2810 3125 2864 enim
3189 2810 3315 2879 quis
3351 2808 3517 2877 magis

1945 2906 2210 2976 suspiciat
2243 2906 2368 2970 isto,
2403 2908 2497 2976 qui
2547 2903 2865 2974 phalangem
2900 2902 3151 2957 hostilem
3196 2905 3503 2970 perrumpit

1943 3015 2173 3070 eamque
2205 3001 2256 3054 in
2281 2999 2462 3068 fugam
2483 2999 2669 3057 vertit.
2702 2998 2986 3053 victoriam
3032 2998 3265 3057 obtinet,
3292 3010 3519 3063 eamth

1948 3103 2053 3148 tam
2125 3093 2421 3153 universis,
2463 3108 2627 3161 quam
2694 3090 3062 3145 familiaribus
3124 3089 3520 3149 communicat,

262 3192 430 3253 κείοις
459 3192 589 3243 αὐτὸ
614 3190 775 3244 τοῦτο
805 3191 1060 3254 διδόντος,
1090 3193 1185 3245 καὶ
1224 3193 1391 3263 γέρας
1417 3192 1791 3261 λαμϐάνοντος
1822 3209 1836 3259 ;

1945 3194 2165 3251 accepto
2223 3200 2451 3239 munere
2528 3180 2868 3239 honorario?
2900 3183 2956 3237 Si
3021 3182 3147 3251 quis
3191 3184 3296 3236 hoc
3339 3182 3520 3235 itidcul

260 3286 320 3337 Εἰ
353 3285 407 3336 δὲ
458 3286 551 3337 καὶ
600 3286 758 3338 τοῦτο
789 3285 916 3346 τοὺς
961 3285 1277 3337 ἀποστόλων
1308 3286 1533 3339 καλέσει
1561 3303 1666 3350 τις,
1706 3287 1839 3355 ἀλησ

261 3374 496 3428 θέστατα
529 3376 745 3429 πάντων
778 3376 1067 3447 κεκληκὼς
1108 3378 1284 3432 ἔσται.
1324 3378 1434 3441 Τάς
1483 3394 1545 3445 γε
1581 3378 1687 3448 μὴν
1715 3381 1838 3446 ἀρι-

264 3469 486 3534 στείας,
547 3470 613 3531 ἃς
666 3472 810 3523 κατὰ
860 3470 1138 3540 δαιμόνων
1186 3471 1547 3541 ἠρίστευσαν,
1582 3473 1676 3523 καὶ
1728 3473 1838 3524 τῶν

262 3556 515 3610 ἐπάθλων
548 3560 610 3609 τὸ
649 3558 873 3627 πλῆθος,
905 3560 988 3612 ὅτι
1041 3578 1147 3631 περ
1194 3562 1552 3632 ἐκδηλότατα,
1606 3564 1699 3615 καὶ
1749 3564 1837 3615 ἄλ-

266 3649 381 3710 λοις
409 3650 484 3710 ὡς
516 3649 582 3702 ἂν
611 3654 724 3712 τοῖς
753 3652 1075 3716 ἀποστόλοις
1108 3655 1444 3723 χαρίζοιντο.
1476 3658 1714 3725 παρίημι
1744 3673 1842 3708 κα-

263 3740 539 3806 ταλέγειν.
602 3740 820 3812 Ταύτης
869 3745 969 3813 τῆς
1033 3747 1227 3814 μοίρας
1275 3749 1374 3800 καὶ
1414 3746 1841 3817 Ὀλυμπιονίκης

265 3829 413 3899 ἄθλῳ
444 3831 777 3900 τιμώμενος,
832 3836 928 3888 καὶ
975 3836 1026 3888 οἱ
1074 3838 1368 3891 ἀπόστολοι
1423 3841 1567 3892 κατά
1621 3840 1840 3893 πάντων

267 3924 683 3992 ἀνταγωνιστῶν
719 3928 1190 3997 στεφανούμενοι·
1228 3928 1451 4000 ἔτρεχον
1484 3932 1593 4001 γὰρ
1634 3931 1709 3994 ὡς
1741 3934 1840 3984 οὐκ

266 4016 496 4087 ἀδήλωςο
524 4018 828 4072 ἐπύκτευον
876 4020 952 4084 ὡς
1005 4022 1104 4074 οὐκ
1152 4022 1289 4093 ἀέρα
1346 4022 1601 4094 διακενῆς
1651 4024 1839 4078 παίον-

265 4124 378 4170 τες.

337 4200 595 4271 Πρώτους
647 4201 755 4255 τῶν
806 4204 937 4273 παρ’
963 4203 1158 4267 αὐταῖς
1198 4204 1426 4273 ἄγουσιν
1477 4207 1534 4259 αί
1572 4208 1841 4261 πολιτεῖαι

266 4292 391 4355 τοὺς
427 4294 744 4363 νομοθέτας,
779 4291 867 4348 οἷα
898 4296 962 4365 δὴ
989 4297 1058 4350 τὰ
1086 4300 1339 4369 πρακτέα
1369 4300 1466 4352 καὶ
1499 4299 1577 4370 μὴ
1614 4299 1841 4364 ταύταις

266 4387 703 4457 ύφηγουμένους,
730 4391 826 4442 καὶ
860 4389 973 4442 τίσι
1003 4391 1127 4454 τοὺς
1154 4391 1397 4462 ἀγαθούς
1427 4410 1485 4444 τε
1523 4394 1617 4445 καὶ
1650 4393 1843 4461 χρησί-

268 4496 403 4546 μους
438 4483 834 4547 στεφανωτέον,
886 4486 985 4536 καὶ
1033 4487 1161 4548 τοὺς
1196 4485 1459 4538 τάναντία
1514 4485 1719 4561 τούτων
1775 4486 1840 4555 δὴ
1877 4524 1921 4581 D

265 4571 577 4624 κολαστέον.
626 4573 788 4625 Ἀλλὰ
842 4575 946 4626 κᾶν
989 4574 1099 4642 ἐγὼ
1134 4576 1206 4644 μὴ
1246 4575 1389 4644 λέγω
1415 4566 1567 4628 τουτὶ
1598 4578 1841 4645 πεφυκέ-

268 4677 354 4712 ναι
387 4662 515 4725 τοὺς
552 4662 907 4728 ἀποστόλους,
943 4666 1146 4729 πάντες
1194 4663 1292 4720 οἷδ’
1332 4669 1416 4721 ὅτι
1470 4667 1694 4736 βοήσετε
1751 4670 1845 4720 καὶ

267 4754 595 4823 προθήσετε
634 4756 733 4817 τὰς
785 4758 1081 4820 ἐπιστολάς
1110 4772 1125 4788 ·
1190 4759 1285 4810 καὶ
1312 4757 1673 4827 προϐαλείσθε
1717 4760 1845 4820 τοὺς

268 4845 328 4895 ὲν
363 4846 557 4908 αὐταῖς
613 4846 840 4915 νόμους,
897 4848 929 4917 ἢ
996 4849 1196 4917 μᾶλλον
1246 4849 1369 4912 ὅλας
1429 4850 1601 4913 αὑτὰς
1650 4852 1845 4919 νόμους

269 4933 409 4989 εἶναι
463 4938 799 4990 διατενείσοε
833 4955 847 4969 ο
881 4938 948 4991 δι’
975 4935 1049 4991 ὧν
1096 4940 1219 5008 οὐχὶ
1264 4941 1424 5009 τήνδε
1478 4942 1578 5010 τὴν
1625 4942 1845 5013 πόλινῆ

269 5033 425 5099 τήνδε
466 5031 646 5093 καλῶς
670 5031 819 5083 ἐστιν
850 5032 1143 5095 οἰκεῖσθαι,
1176 5032 1273 5103 τὴν
1296 5032 1343 5085 δ’
1378 5034 1707 5103 οἰκουμένην
1746 5038 1847 5090 πᾶς

272 5139 371 5173 σαν
410 5121 570 5190 ὁμοῦ.

342 5216 641 5277 Arma-cati;
688 5216 1139 5288 oixsi‘ov-éxdtcttp
1182 5218 1368 5287 νέμειν
1420 5219 1488 5272 τὰ
1527 5219 1841 5291 πρόσφορα.

272 5306 313 5357 Τ
322 5306 337 5356 ί
364 5306 421 5357 δέ
448 5321 463 5371 ;
505 5306 872 5374 ’Δπροσφυεῐς
904 5308 1041 5377 πρός
1074 5325 1137 5375 γε
1169 5309 1328 5363 τοῦτο
1357 5311 1480 5373 τοὺς
1519 5311 1849 5375 ἀποστόλους

273 5398 509 5467 ἥκοντας
538 5397 685 5451 ἔστιν
725 5399 884 5465 ίδείν;
914 5400 1116 5453 Πολλοῦ
1148 5402 1243 5454 καὶ
1271 5402 1351 5454 δεῖ
1370 5420 1385 5434 ’
1414 5403 1518 5456 κᾶν
1544 5404 1653 5473 γὰρ
1684 5405 1848 5457 τᾶλλα

282 5506 353 5549 τις
390 5490 573 5543 αὐτῶν
621 5493 749 5561 σιγῇ
783 5492 1140 5562 παραδράμῃ,
1179 5494 1238 5547 τό
1268 5511 1329 5561 γε
1361 5498 1569 5565 κρινεῖν
1599 5496 1693 5547 ἐπὶ
1727 5495 1851 5565 ορό-

284 5599 379 5633 νων
430 5583 529 5644 τὰς
579 5582 752 5650 φυλὰς
812 5583 1027 5653 Ἰσραὴλ
1074 5585 1298 5655 ἐξαρκεί
1356 5586 1455 5657 τὴν
1523 5586 1849 5657 δικαστικὴν

309 5673 517 5739 ςουσίαν
547 5674 878 5743 σοφωτάτων
906 5674 1172 5744 δηλῶσαι.

1943 3282 2163 3335 nomine
2198 3280 2477 3349 apostolos
2517 3281 2809 3349 indigitare
2833 3280 2995 3342 volet,
3048 3279 3095 3333 is
3124 3278 3519 3333 convenientis-

1943 3375 2141 3430 simum
2186 3389 2380 3427 nomen
2425 3374 2683 3440 imponet.
2723 3371 2933 3426 Eximia
2981 3372 3125 3425 enim
3182 3373 3345 3438 facta,
3405 3389 3525 3442 qttzl'

1942 3476 2134 3521 eontra
2167 3468 2441 3520 daemones
2476 3473 2785 3534 patrarunt,
2839 3472 2894 3517 et
2945 3462 3293 3532 prtemiorum
3346 3467 3526 3517 Il‘tttHi'

1947 3559 2216 3622 tudinem,
2244 3568 2506 3625 tanquam
2544 3572 2635 3612 res
2666 3555 3007 3614 notissimas.
3066 3562 3118 3607 et
3152 3564 3208 3607 ut
3239 3556 3359 3609 aliis
3397 3570 3524 3624 apo-

1943 3652 2099 3707 stolis
2131 3651 2320 3704 eadem
2380 3648 2767 3717 impertierint,
2809 3646 3167 3715 przetermitto
3195 3662 3525 3701 commemo-

1944 3757 2087 3798 rare.
2119 3740 2291 3812 Hujus
2323 3742 2489 3798 sortis
2518 3751 2601 3797 est
2630 3755 2847 3812 quoque
2865 3738 3274 3811 Olympionices
3301 3744 3526 3811 prtemio

1943 3834 2196 3901 allectus,
2255 3834 2488 3905 apostoli
2556 3851 2776 3905 quoque
2853 3848 3115 3889 coronam
3144 3837 3212 3890 ab
3267 3836 3527 3889 omnibus

1941 3928 2058 3983 suis
2087 3928 2419 3983 adversariis
2452 3938 2842 3998 reportarunt;
2884 3928 3178 3983 currebant
3212 3929 3356 3983 enim
3417 3946 3522 3983 non

1944 4031 2003 4074 ut
2037 4021 2089 4075 in
2136 4022 2436 4089 incertum;
2468 4022 2803 4093 pugnabant,
2837 4036 2945 4075 non
2979 4021 3137 4091 quasi
3200 4035 3383 4076 aerem
3436 4022 3523 4076 in-

1943 4129 2162 4169 cassum
2198 4115 2571 4170 verberantes.

2012 4206 2226 4260 Primas
2246 4216 2430 4260 tenent
2451 4206 2502 4259 in
2537 4206 2699 4260 rebus
2718 4205 3529 4276 publicislegislutores.quippe

1944 4300 2034 4367 qui
2076 4298 2321 4354 facienda
2369 4309 2421 4351 et
2452 4298 2706 4368 fugienda
2748 4301 3123 4365 praescribunt,
3161 4299 3525 4370 doceantque.

1944 4393 2142 4462 quibus
2176 4392 2381 4447 laureis
2421 4392 2542 4444 boni
2576 4399 2630 4445 et
2670 4392 2834 4447 utiles
2875 4392 3196 4451 decorandi,
3227 4403 3279 4445 ct
3328 4395 3527 4459 quibus

1948 4485 2232 4553 Suppliciis
2282 4485 2364 4538 his
2413 4484 2691 4537 contraria
2727 4483 3035 4538 iactitantes
3091 4482 3361 4537 alliciendi
3394 4486 3523 4539 sint.

1949 4576 2005 4630 Si
2050 4590 2152 4643 ego
2198 4576 2463 4630 atiirmem
2513 4575 2789 4645 apostolos
2841 4590 2943 4628 non
3005 4574 3173 4631 fuisse
3220 4576 3375 4640 tales,
3413 4596 3530 4629 tmt-

1950 4681 2069 4728 nes,
2105 4669 2237 4719 satis
2290 4666 2435 4725 novi.
2468 4666 2874 4729 cxclamabitis,
2902 4674 2958 4721 et
2983 4665 3210 4736 prolatis
3260 4667 3524 4735 epistolis.

1949 4758 2115 4826 leges,
2152 4772 2289 4825 quas
2312 4758 2611 4822 continent,
2645 4758 3006 4827 deprometis,
3043 4759 3124 4812 vel
3172 4760 3354 4828 potius
3383 4761 3530 4827 ipsas

1951 4848 2207 4916 integras,
2238 4847 2519 4915 epistolas,
2570 4848 2643 4901 nil
2679 4850 2823 4901 aliud
2864 4848 2969 4903 nisi
3022 4848 3169 4917 leges
3204 4863 3346 4910 esse,
3403 4864 3532 4901 enn-

1952 4940 2202 5003 tendetis,
2245 4940 2445 5010 quibus
2482 4955 2588 4995 non
2644 4941 2761 4994 haec
2819 4940 2901 4995 vel
2980 4941 3067 4993 illa
3149 4942 3362 5005 civitas,
3440 4943 3531 4993 sed

1953 5032 2245 5085 universus
2281 5032 2432 5086 orbis
2485 5031 2723 5103 legitime
2759 5032 3183 5086 administratur
3237 5042 3288 5086 et
3329 5031 3533 5099 guber-

1954 5130 2137 5177 natur.

2023 5212 2320 5269 Familiare
2374 5224 2459 5270 est
2510 5215 2812 5285 judicibus,
2855 5224 2912 5269 ut
2957 5213 3257 5280 unicuique
3294 5211 3344 5264 id
3386 5210 3532 5280 quod

1950 5310 2295 5363 conducibile
2326 5321 2426 5372 est,
2465 5309 2712 5362 reddant.
2764 5306 2905 5373 Quid
2951 5306 3120 5375 ergo?
3155 5305 3291 5358 Num
3332 5306 3400 5356 ad
3436 5305 3534 5354 hoc

1953 5403 2167 5470 ineptos
2216 5399 2479 5455 accedere
2530 5400 2901 5470 iudicabimus
2956 5396 3278 5463 apostolus?
3310 5396 3373 5448 Et
3411 5396 3535 5447 ill't'l

1951 5496 2074 5564 quis
2102 5494 2204 5547 alia
2236 5494 2458 5549 silentio
2490 5503 2800 5562 prmtcrcat,
2825 5502 3066 5545 attamen
3099 5488 3243 5559 quod
3278 5487 3535 5541 sedentes

1953 5603 2119 5655 super
2171 5589 2400 5639 thronos
2428 5585 2728 5654 judicaturi
2776 5594 2904 5637 sunt
2942 5581 3228 5637 duodecim
3265 5580 3439 5632 tribus
3466 5578 3535 5631 is.

1953 5677 2086 5737 rac'l,
2144 5670 2193 5727 id
2232 5676 2367 5745 satis
2412 5684 2493 5728 cst
2539 5676 2603 5727 ad
2637 5691 2853 5736 eorum,
2894 5686 3153 5740 tauquam
3201 5670 3531 5739 sapientissi-

1958 5785 2194 5832 morum,
2225 5768 2571 5841 judiciuriam
2604 5777 2931 5837 potestatem
2986 5764 3395 5820 declarandum.
