3992 6210
300 305 323 367 1
337 306 437 366 L05

1298 305 1711 365 ENCOMIUM
1754 307 1861 367 SS.
1898 307 2147 369 PETRI
2183 311 2279 371 ET
2306 313 2559 380 PAULI.

3408 317 3546 381 1106

295 420 585 488 δραμοῦσι,
623 420 715 471 καὶ
749 419 839 473 τὸν
863 419 1067 491 δρόμον
1119 421 1237 473 ἐκεῖ
1286 421 1520 490 στήσασι
1568 420 1727 473 τοῦτο
1766 414 1862 469 τοῦ

1972 417 2029 473 in
2080 423 2185 479 hoc
2223 422 2390 481 'etiam
2455 429 2595 483 ecelo
2622 401 2903 500 praestant,
2962 433 3108 501 quod
3178 446 3355 503 neque
3425 444 3546 500 post

293 513 435 565 κατὰ
462 511 551 567 τὸν
577 510 807 580 οὐρανὸν
840 510 1124 565 κάνταῦοα
1160 510 1600 572 πλεονεκτοῦσιν,
1628 511 1712 563 ὅτι
1752 527 1858 577 μη-

292 606 352 658 δὲ
407 605 594 665 δύντες
650 605 865 670 ἔδυσαν,
903 604 1020 657 ἀλλ’
1046 603 1147 668 ’ὡς
1188 603 1319 674 πρὶν
1356 602 1544 670 δῦναι,
1584 606 1679 657 καὶ
1726 605 1863 673 μετὰ

295 697 454 751 τοῦτο
486 696 804 763 φωτίζουσι.

370 791 658 857 Δεδόσθω,
726 792 822 845 καὶ
878 792 1112 860 νεφέλας
1167 790 1393 855 τούτους
1436 793 1632 844 εἰπεῖν.
1677 791 1865 843 ’Υετὸν

297 884 432 952 γοῦν
472 884 725 956 πρώιμόν
772 902 831 937 τε
884 886 980 939 καὶ
1020 884 1216 955 ὄψιμον
1264 884 1438 951 ὕουσι,
1475 883 1509 937 ἆ
1556 901 1612 936 τε
1655 882 1731 954 τῷ
1765 882 1864 952 βίῳ

298 976 582 1044 περιόντες
609 975 875 1043 ἐδίδαξαν,
910 976 1007 1031 καὶ
1038 975 1074 1031 ἃ
1102 976 1197 1029 νῦν
1227 994 1284 1030 τε
1316 979 1411 1029 καὶ
1448 976 1611 1047 μέχρι
1638 976 1862 1037 παντός.

309 1063 507 1135 Ὲξ’ὧν
537 1071 588 1123 τί
614 1071 824 1138 γίνεται
856 1087 871 1138 ;
911 1070 1209 1124 Βλαστάνει
1249 1072 1348 1124 σὺν
1384 1072 1495 1132 τοῖς
1533 1070 1714 1139 ὀρθοῖς
1744 1070 1868 1137 δόγ-

303 1177 469 1227 μασιν
503 1162 560 1213 ἐν
605 1162 737 1231 ἡμῖν
775 1163 943 1231 ἀρετὴ
993 1163 1086 1214 καὶ
1133 1163 1474 1232 ἀρδευομένη
1506 1163 1746 1215 ἐπίδοσιν
1779 1163 1864 1218 δέ-

299 1270 474 1323 χεται.
504 1253 660 1307 Οὕτω
689 1254 800 1307 πᾶν
821 1254 850 1307 ὅ
875 1273 927 1307 τι
958 1254 1139 1322 τίμιον
1163 1254 1445 1324 λεγόμενοι
1479 1254 1529 1307 οί
1552 1254 1859 1317 ἀπόστολοι,

302 1347 383 1398 ἔτι
429 1347 693 1416 μειζόνων
737 1347 832 1400 καὶ
888 1345 1187 1399 καλλιόνων
1242 1348 1562 1413 ἐφίστανται
1605 1349 1859 1415 πράκτο-

304 1456 396 1507 ρες
446 1440 751 1509 ὀνομάτων,
786 1440 883 1494 ἆτε
930 1438 1041 1490 τῶν
1091 1441 1401 1507 εἰρημένων
1447 1440 1704 1492 ἁπάντων
1733 1438 1863 1492 εἴσω

301 1532 629 1585 πιπτόντων.
663 1530 729 1585 Τί
767 1529 895 1599 οὗν;
932 1534 1238 1603 ὑπερϐῆναι
1268 1534 1449 1603 δεήσει
1477 1534 1568 1586 τὸν
1598 1534 1861 1603 ούρανόν;

300 1625 419 1676 ἐκεῖ
454 1626 562 1693 γάρ
604 1625 670 1678 τὰ
720 1624 890 1688 μείζω
935 1628 1030 1677 καὶ
1069 1627 1305 1695 κρείττω
1340 1625 1449 1679 τῶν
1487 1624 1721 1678 ἐνταῦθα
1750 1624 1869 1677 όνό-

302 1736 469 1785 ματα.
513 1717 874 1786 Λεγέσθωσαν
900 1719 1079 1770 τοίνυν
1120 1719 1213 1770 καὶ
1240 1717 1467 1786 ἄγγελοι
1515 1720 1612 1772 καὶ
1652 1719 1863 1787 ἀρχάγ-

300 1810 468 1876 γελοι,
505 1811 601 1862 καὶ
631 1810 796 1880 μέχρι
825 1810 935 1863 τῶν
967 1810 1202 1879 πρῶτων
1245 1809 1442 1877 ἐφεξῆς
1476 1811 1740 1873 ἀνιόντες,
1769 1810 1865 1862 καὶ

298 1902 452 1962 τέλος
511 1899 540 1952 ὃ
587 1900 688 1970 τῆς
737 1902 1040 1971 ἀκρότητος
1073 1901 1314 1967 πάντων,
1350 1901 1483 1962 θεοὶ,
1516 1901 1731 1953 πάντων
1771 1901 1867 1970 μὲν

301 1994 542 2061 ὑστάτῳ,
577 1993 821 2063 μεγίστῳ
852 1994 906 2046 δὲ
936 1994 1151 2046 πάντων
1181 1994 1395 2063 ἀπείρῳ
1433 1991 1509 2063 τῷ
1549 1981 1719 2061 μέσῳ.
1756 1992 1868 2044 Νῦν

299 2075 419 2131 οἶδα
465 2080 799 2148 τιμηθέντας
831 2082 956 2143 τοὺς
1001 2083 1351 2145 ἀποστόλους,
1387 2082 1481 2133 καὶ
1512 2080 1864 2133 ἐπαναπαύο-

304 2189 400 2237 μαι
453 2171 528 2239 τῷ
572 2174 945 2242 προσρήματι.
1015 2173 1338 2243 Ἀποχρῶσα
1404 2174 1461 2225 δὲ
1520 2174 1797 2236 κάκείνοις
1830 2176 1863 2244 ἡ

301 2263 514 2331 κλῆσις,
550 2266 646 2316 καὶ
693 2266 793 2317 οὐκ
823 2265 970 2317 ἔστιν
1082 2266 1401 2335 προσέξουσι
1441 2267 1675 2335 μείζονι.
1710 2267 1867 2320 Οὕτω

299 2357 413 2415 τοῖς
442 2355 785 2407 καθέκαστον
817 2358 865 2409 oi
896 2357 1188 2410 ἀπόστολοι
1241 2358 1546 2428 θαυμαστοί
1569 2375 1584 2391 ο
1626 2358 1762 2429 ὁμοῦ
1807 2359 1863 2412 δὲ

301 2445 434 2497 πᾶσι
462 2445 558 2497 καὶ
590 2445 1065 2517 ὑπερθαύμαστοι.

381 2715 588 2770 Ἐδόκει
626 2733 716 2788 μοι
771 2719 949 2790 πέρας
993 2720 1261 2773 ἐπιθεῖναι
1295 2719 1372 2789 τῷ
1421 2720 1586 2789 λόγῳ.
1628 2720 1700 2772 Οὐ
1761 2720 1866 2790 μὴν

297 2805 470 2870 οὕτως
494 2809 711 2872 ἀτόπως
751 2810 859 2880 ἔχω
886 2853 899 2876 ,
940 2809 1082 2864 ὥστε
1138 2812 1211 2881 μὴ
1262 2817 1356 2864 καὶ
1414 2812 1475 2862 ὲκ
1524 2811 1623 2877 τῆς
1658 2812 1863 2880 Πέτρου

296 2900 506 2962 ἁλείας,
557 2895 668 2954 οἷον
710 2903 1020 2954 ἐπίδειπνον
1063 2902 1282 2971 ἥδυσμά
1317 2918 1369 2954 τι
1404 2900 1711 2971 προθεῖναι,
1753 2903 1865 2962 τοῖς

297 2990 395 3043 καὶ
446 2991 624 3043 ὁτιοῦν
670 2991 779 3045 τῶν
832 2995 1039 3045 ἐκείνου
1093 2994 1221 3062 περὶ
1272 2992 1467 3045 πολλοῦ
1520 2993 1865 3061 ποιουμένοις

1977 532 2230 573 occasum
2272 523 2663 586 occubuerunt,
2699 525 2794 580 sed
2827 535 2882 578 ιιι
2922 536 3046 581 ante
3077 540 3354 591 occasum,
3389 527 3467 582 sic
3492 535 3546 579 et

1971 620 2115 677 post,
2147 611 2326 667 lucent
2363 627 2426 667 ac
2472 614 2799 671 illuminant.

2047 789 2446 859 Concedamus,
2485 797 2763 864 apostolos
2804 798 2973 852 nubes
3003 815 3219 869 quoque
3258 801 3540 869 appellari.

1974 881 2216 937 Pluviam
2262 886 2429 953 igitur
2463 889 2784 943 matutinam
2828 898 2883 944 et
2932 891 3232 946 serotinam
3291 892 3543 957 suppedi-

1974 980 2127 1040 tant;
2188 989 2381 1045 nempe
2427 991 2513 1041 ea,
2545 994 2667 1048 quae
2696 980 2749 1033 in
2782 979 2885 1034 hac
2919 981 3048 1045 vita,
3086 989 3139 1035 et
3171 995 3317 1035 nunc
3352 982 3538 1034 itidem

1972 1060 2344 1118 indesinenter
2365 1067 2669 1123 docuerunt
2708 1079 2761 1123 et
2791 1069 3007 1126 docent.
3050 1072 3125 1125 Ex
3158 1072 3357 1139 quibus
3411 1073 3539 1137 quid

1974 1156 2219 1211 nascitur
2245 1158 2266 1211 ?
2295 1156 2577 1212 Germinat
2613 1162 2665 1213 in
2696 1161 2858 1215 nobis
2894 1177 3017 1215 cum
3082 1164 3248 1216 rectis
3279 1162 3543 1231 dogmati-

1973 1249 2075 1305 bus
2104 1250 2305 1313 virtus,
2337 1255 2618 1322 rigataque
2649 1253 3043 1308 incrementum
3087 1256 3251 1323 capit.
3293 1256 3373 1309 Ita
3411 1272 3535 1307 cum
3606 1297 3621 1323 ε

1972 1343 2182 1405 omnia,
2227 1359 2347 1409 qua:
2377 1344 2429 1397 in
2467 1345 2641 1414 pretio
2675 1356 2725 1400 et
2768 1344 2976 1401 honore
3027 1356 3175 1409 sunt,
3206 1347 3275 1399 de
3323 1358 3543 1415 aposto.

1972 1434 2041 1488 lis
2081 1435 2310 1502 dixeris,
2343 1436 2442 1505 ipsi
2484 1437 2606 1505 jure
2653 1453 2752 1493 suo
2793 1439 2995 1507 majora
3044 1454 3261 1508 semper
3321 1440 3539 1491 nomina
3602 1469 3614 1477 -

1973 1534 2026 1580 et
2054 1528 2299 1581 encomia
2332 1530 2573 1599 exigunt,
2608 1537 2668 1583 ut
2715 1545 2936 1585 necesse
2970 1530 3039 1586 sit
3073 1529 3255 1584 omnia
3291 1532 3468 1598 przedir
3494 1541 3541 1582 ιι.
3618 1580 3626 1588 ,

1975 1634 2149 1673 ruere.
2180 1619 2315 1685 Quid
2341 1621 2545 1691 igitur?
2571 1620 2708 1675 Num
2736 1624 2929 1677 caelum
2965 1623 3350 1677 transcendere
3384 1637 3543 1691 epur—
3616 1636 3620 1641 ‘

1977 1709 2153 1762 tehit?
2193 1710 2262 1764 ibi
2346 1711 2490 1765 enim
2555 1711 2763 1781 majora
2814 1723 2869 1766 et
2914 1712 3141 1766 meliora
3189 1713 3542 1765 inveniuntur

1972 1801 2210 1862 umnina,
2252 1816 2414 1869 quam
2451 1803 2591 1871 apud
2628 1820 2748 1859 nos.
2786 1805 3141 1875 Appellantur
3185 1820 3316 1873 ergo
3366 1805 3538 1869 angeli

1969 1900 2025 1941 et
2059 1891 2369 1962 archangeli
2410 1910 2422 1947 :
2464 1903 2513 1948 et
2544 1895 2733 1949 ordine
2776 1911 2947 1966 usque
2998 1896 3062 1950 ad
3100 1896 3307 1964 primos
3349 1911 3539 1949 asccu-

1970 1985 2163 2038 damus
2200 2002 2216 2053 ;
2246 1994 2296 2040 ct
2325 1988 2467 2055 quod
2504 1990 2682 2044 omnis
2712 1989 3058 2044 celsitudinis
3110 2004 3426 2058 supremum
3458 1998 3541 2041 est

1969 2076 2042 2128 dii
2077 2085 2363 2143 vocentur,
2414 2079 2558 2148 quod
2590 2067 2830 2134 omnium
2881 2080 3133 2133 ultimum
3187 2080 3537 2138 vocabulum,

1971 2169 2197 2224 intinitis
2237 2183 2414 2225 autem
2468 2173 2711 2241 partibus
2740 2173 2983 2228 omnium
3034 2174 3351 2227 maximum.
3385 2171 3542 2226 Nune

1969 2263 2083 2317 scio
2121 2263 2420 2318 honoratos
2463 2264 2823 2333 lauclatosque
2871 2280 2993 2320 esse
3045 2265 3347 2332 apostolos,
3400 2272 3453 2318 et
3484 2280 3537 2317 tn

1972 2355 2073 2413 hac
2105 2356 2471 2425 appellatione
2501 2357 2794 2425 acquiesco
2829 2375 2844 2413 :
2879 2357 3004 2425 quia
3066 2356 3287 2420 sutlicit,
3327 2371 3426 2410 nec
3457 2364 3541 2410 cst

1969 2449 2112 2515 qund
2140 2449 2425 2503 celsiorem
2470 2464 2802 2519 qumramus.
2837 2448 3007 2503 Siein
3038 2450 3271 2517 singulis
3297 2449 3540 2502 admira-

1968 2539 2105 2593 biles
2146 2548 2271 2593 sunt
2304 2540 2559 2609 apostoli,
2616 2542 2667 2594 in
2707 2542 2958 2595 omnibus
2989 2550 3168 2596 autem
3217 2541 3381 2610 simul
3416 2540 3536 2610 plus

1968 2643 2131 2698 quam
2186 2630 2551 2686 admirabiles.
2640 2654 2651 2663 κ

2042 2718 2301 2776 Volebam
2330 2724 2562 2777 orationi
2595 2723 2755 2778 linem
2788 2724 3088 2793 imponere.
3129 2722 3397 2776 Caeterum
3427 2736 3539 2776 non

1970 2812 2106 2867 adeo
2162 2813 2401 2869 absonos
2453 2830 2595 2879 sum,
2628 2824 2690 2889 ut
2735 2831 2798 2871 ex
2856 2815 3158 2885 piscatione
3207 2814 3355 2867 Petri
3404 2814 3539 2866 nihil

1968 2903 2321 2958 bellariorum
2396 2921 2663 2975 apponam
2715 2907 2845 2969 illis,
2890 2907 2982 2973 qui
3045 2906 3249 2975 alioqui
3305 2920 3539 2973 ea,qu:e

1971 2995 2190 3051 Petrum
2231 3008 2592 3063 eorteernunt,
2651 3000 2703 3052 in
2736 2999 2951 3053 deliciis
2979 2998 3182 3053 habere
3235 3012 3539 3051 consueve-

296 3084 530 3153 τρυφᾷν.
564 3083 674 3136 Καὶ
708 3083 854 3153 δεῦρ’
886 3082 965 3135 ίτε
1009 3084 1071 3154 δή
1106 3101 1195 3153 μοι
1240 3085 1388 3153 παρὰ
1420 3084 1518 3152 τὴν
1546 3084 1743 3152 λίμνην
1770 3083 1862 3134 Τι-

1973 3097 2119 3143 runt.
2179 3089 2376 3143 Adeste
2408 3104 2620 3145 mecum
2655 3090 2721 3144 ad
2758 3104 2911 3144 mare
2945 3088 3253 3144 Tiberiadis
3302 3099 3356 3141 et
3386 3087 3540 3141 vide-

295 3174 563 3244 ϐεριάδος.
588 3175 685 3229 καὶ
719 3176 881 3245 ὁρᾶτε
914 3176 1112 3245 Πέτρον
1164 3176 1259 3228 σὺν
1290 3176 1496 3244 ἑτέροις
1530 3175 1637 3227 τῶν
1680 3175 1862 3244 μαθη-

294 3269 405 3319 τῶν
456 3267 987 3338 διανυκτερεύσαντα
1027 3269 1125 3337 μὲν
1182 3269 1246 3337 τῇ
1282 3267 1489 3338 παλαιᾷ
1530 3269 1715 3339 τέχνῃ,
1751 3285 1859 3337 μη-

295 3362 384 3414 δὲν
427 3362 482 3414 δὲ
513 3361 676 3414 πλέον
718 3363 798 3423 είς
833 3360 1047 3430 πρωῖαν
1075 3359 1221 3429 αύτῷ
1247 3360 1467 3427 γεγονός
1489 3375 1502 3390 ·
1554 3359 1861 3429 τηνικαῦτα

294 3452 350 3503 δὲ
383 3452 590 3504 καὶτὸν
625 3447 829 3521 Ἰησοῦν
860 3452 996 3519 μετὰ
1021 3452 1121 3518 τὴν
1151 3453 1470 3514 ἀνάστασιν,
1497 3452 1590 3504 ἐπὶ
1618 3450 1712 3503 τοῦ
1747 3450 1862 3520 χεί-

292 3545 422 3605 λους
478 3545 577 3614 τῆς
625 3544 822 3614 λίμνης
863 3544 1151 3612 ἱστάμενον
1179 3584 1193 3607 ,
1245 3545 1337 3595 καὶ
1385 3544 1614 3612 μηδενὸς
1657 3545 1859 3607 εἰδότος

294 3642 468 3709 ὅσπερ
521 3637 649 3690 ποτὲ
698 3638 727 3689 δ
777 3637 1126 3706 φαινόμενος,
1170 3636 1224 3688 εἴ
1268 3637 1319 3688 τί
1370 3653 1472 3689 που
1515 3636 1644 3707 ὄψον
1684 3638 1859 3706 ἔχοιεν

294 3730 621 3802 ἐρωτῶντα,
666 3730 933 3782 κάκείνων
985 3728 1149 3799 μηδεν
1184 3727 1330 3797 ἔχειν
1368 3730 1647 3798 φαμένων,
1703 3727 1861 3792 αὖθις

294 3828 371 3889 εἰς
409 3825 479 3878 τὰ
507 3824 656 3889 δεξιά
685 3824 779 3876 τού
824 3824 1012 3876 πλοίου
1057 3824 1227 3894 χαλᾷν
1259 3823 1320 3874 τὸ
1364 3823 1580 3878 δίκτυον
1628 3824 1862 3893 ἐπισκή-

212 3949 217 3955 -
293 3936 495 3972 πτοντα
531 3958 546 3983 ,
597 3912 632 3987 ἦ
682 3916 787 3988 μὴν
838 3917 1093 3986 εὑρήσειν
1135 3917 1254 3969 ἐκεῖ
1282 3933 1334 3969 τι
1369 3917 1616 3987 χρηστὰς
1647 3915 1862 3969 ὑποτεί-

292 4028 451 4064 νοντα
476 4011 574 4075 τὰς
605 4011 825 4073 ἐλπίδας
859 4010 953 4062 καὶ
982 4009 1107 4072 τοὺς
1139 4009 1390 4078 μαθητὰς
1420 4012 1499 4073 είς
1532 4008 1696 4079 ἔργον
1730 4012 1864 4076 ἀγα-

292 4106 486 4171 γόντας
518 4103 610 4156 τὸν
638 4103 815 4169 λόγον,
853 4100 1141 4160 τοσούτους
1171 4100 1460 4177 συλλαϐεῖν
1491 4100 1601 4153 τῶν
1636 4100 1860 4168 ἰχθύων,

292 4196 365 4255 ὡς
401 4195 597 4263 μηκέτι
654 4192 924 4262 μηδαμῶς
975 4190 1158 4254 αὐτοῖς
1216 4185 1357 4242 εἶναι
1412 4191 1548 4258 πρὸς
1586 4190 1646 4241 τὸ
1678 4189 1863 4245 πλοῖον

294 4287 591 4340 ἀνελκύσαι
640 4287 703 4337 τὸ
749 4284 984 4348 δίκτυον,
1033 4282 1146 4335 ἀλλ’
1177 4282 1283 4336 ὑπὸ
1325 4282 1384 4333 τὸ
1435 4281 1575 4351 ὕδωρ
1601 4281 1863 4351 σύροντας

294 4376 555 4442 κατάγειν
606 4374 698 4425 ἐπὶ
747 4372 846 4442 τὴν
892 4372 1017 4441 γῆν,
1052 4371 1161 4422 ’καὶ
1208 4369 1414 4440 Πέτρον
1472 4370 1715 4438 μαθόντα
1767 4372 1862 4425 τὸν

294 4464 623 4520 Διδάσκαλον
669 4458 810 4515 εἶναι
842 4463 933 4515 τὸν
968 4463 1207 4531 ἐργάτην
1236 4462 1328 4514 τοῦ
1365 4460 1667 4531 θαύματος,
1701 4464 1862 4527 εὐθὺς

292 4558 364 4617 ὡς
407 4551 539 4623 εἶχε,
575 4557 667 4607 τὸν
698 4554 997 4622 ἐπενδύτην
1055 4553 1528 4624 περιζωσάμενον,
1581 4556 1674 4608 καὶ
1728 4557 1867 4624 πρὸς

293 4649 352 4699 τὸ
386 4644 532 4714 ὕδωρ
580 4647 771 4699 ἑαυτὸν
818 4644 1112 4697 καθεικότα
1134 4684 1149 4708 ,
1179 4646 1277 4698 καὶ
1309 4645 1704 4714 διανηχόμενον
1744 4642 1859 4712 ἷξαι

294 4739 430 4807 πρὸς
464 4740 554 4794 τὸν
587 4737 914 4795 Διδάσκαλον
943 4751 958 4769 ο
990 4734 1112 4790 εἶτα
1164 4740 1259 4790 καὶ
1305 4738 1366 4790 τὸ
1400 4739 1615 4792 δίκτυον
1643 4741 1735 4793 ἐπὶ
1760 4741 1864 4811 γῆς

291 4829 555 4895 ἕλκοντα,
603 4828 694 4882 καὶ
749 4829 810 4882 τὸ
859 4828 1073 4882 δίκτυον
1125 4828 1633 4899 πλῆρεςιίχθύων,
1675 4832 1770 4884 καὶ
1813 4832 1863 4885 oi

295 4922 475 4991 ἰχθύες
512 4922 778 4992 μεγάλοι,
820 4915 923 4974 οἷοι
979 4921 1045 4987 δ’,
1105 4924 1153 4974 εί
1210 4922 1429 4991 βούλει,
1486 4922 1723 4994 πρόσθες
1769 4926 1862 4978 καὶ

291 5016 535 5068 πλεῖστοι
567 5030 581 5045 ο
612 5017 759 5085 τρεῖς
788 5016 895 5085 γὰρ
924 5015 1020 5066 ἐπὶ
1048 5015 1385 5084 πεντήκοντα
1416 5016 1555 5082 πρὸς
1582 5019 1695 5078 τοῖς
1732 5016 1862 5069 έκαι

290 5109 401 5162 τόν.
448 5103 578 5177 Ἆρ’
613 5108 711 5177 οὐχ
749 5108 907 5177 ἱκανὴ
946 5107 1042 5160 τοῦ
1089 5108 1369 5176 θαύματος
1424 5109 1458 5178 ἡ
1502 5110 1666 5179 χάρις
1712 5110 1861 5179 ὑμᾶς

289 5204 365 5262 είς
395 5199 556 5269 κόρον
591 5200 781 5269 ἡδῦναι
811 5216 824 5267 ;
865 5200 1008 5267 Ἐγὼ
1032 5201 1077 5251 δ’
1120 5200 1220 5269 ἤδη
1251 5202 1413 5252 τινῶν
1463 5201 1739 5269 λεγόντων
1772 5204 1859 5255 al-

290 5294 577 5361 σθάνομαι,
619 5292 693 5354 ὡς
745 5292 1004 5362 μακάριοι
1058 5293 1108 5344 οἱ
1157 5292 1268 5344 τῶν
1300 5292 1503 5363 ἰχθύων
1552 5293 1856 5347 ἀπολελαυ-

288 5387 445 5448 κότες
476 5385 735 5437 ἐκείνωνο
773 5384 1121 5453 θαυμάσαιμι
1157 5385 1200 5437 δ’
1232 5384 1320 5447 ἂν,
1357 5386 1405 5437 εί
1454 5387 1528 5457 μὴ
1575 5388 1670 5439 καὶ
1714 5388 1859 5456 ὑμᾶς

287 5477 487 5540 αὐτοὺς
518 5478 821 5546 μακαρίους
854 5479 1123 5548 νομίζετε,
1148 5478 1253 5531 ὑπὸ
1277 5479 1504 5550 Χριστῷ
1534 5481 1628 5533 καὶ
1665 5482 1858 5552 Πέτρῳ

285 5566 395 5629 τοῖς
428 5567 740 5636 ὲστιάτορσι
770 5568 1100 5637 δαιτυμόνας
1128 5571 1459 5640 γενομένους
1487 5571 1582 5624 τοῦ
1638 5572 1856 5643 θαύμα-

284 5673 399 5718 τος.
434 5656 583 5726 Τάχα
616 5659 723 5728 γᾶρ
757 5659 856 5713 οὐκ
890 5661 954 5714 ἂν
992 5662 1129 5731 πρὸς
1162 5663 1306 5734 ὑμᾶς
1338 5665 1511 5721 ἐκεῖνό
1539 5668 1853 5741 γερηθείη,

359 5773 402 5802 ¹⁸
421 5770 577 5827 Joau.
612 5789 682 5834 ri.
711 5774 800 5829 26.

1894 4412 1942 4471 D

1970 3190 2018 3231 te
2042 3181 2256 3234 Petrum
2308 3197 2432 3234 cum
2492 3182 2706 3237 caeteris
2747 3181 3031 3247 discipulis
3103 3188 3216 3233 tota
3273 3187 3428 3232 nocte
3486 3177 3537 3229 iu

1967 3272 2137 3325 veteri
2174 3288 2273 3326 suo
2310 3274 2542 3328 artiticio
2580 3284 2907 3339 occupatum
2952 3273 3071 3325 sine
3111 3272 3222 3325 ullo
3268 3285 3440 3337 usque
3473 3268 3536 3321 ad

1965 3363 2290 3416 matutinum
2329 3372 2541 3432 tempus
2582 3363 2848 3433 profectu.
2887 3362 3077 3417 Videte
3131 3360 3292 3415 etiam
3327 3358 3536 3420 Iesum,

1964 3465 2085 3524 post
2125 3456 2579 3509 resurrectionem
2629 3465 2757 3508 tunc
2791 3454 2842 3506 in
2877 3453 3058 3506 littore
3090 3452 3257 3506 maris
3300 3458 3535 3503 stantem

1962 3557 2035 3612 et,
2064 3548 2279 3601 nemine
2327 3547 2531 3601 sciente
2585 3546 2834 3614 quisnam
2895 3553 3075 3606 esset,
3110 3543 3534 3610 interrogantem

1964 3640 2233 3709 quodnam
2272 3640 2697 3710 pulmentarium
2741 3637 3019 3702 haberent,
3058 3636 3271 3705 illisque
3309 3649 3537 3701 respon-

1964 3732 2238 3792 dentibus,
2292 3730 2497 3785 nullum
2549 3744 2608 3784 se
2660 3728 2880 3791 habere,
2940 3727 2993 3781 in
3051 3728 3328 3780 dexteram
3382 3726 3536 3776 nmi-

1964 3820 2035 3889 gii
2073 3828 2279 3888 partem
2330 3820 2463 3874 retia
2507 3819 2689 3873 laxare
2743 3818 3050 3886 jubentem,
3101 3825 3154 3869 et
3209 3814 3409 3883 aliquid
3461 3814 3534 3867 ibi

1965 3922 2236 3980 repertum
2305 3906 2371 3966 iri
2427 3911 2601 3966 bonas
2673 3926 2797 3980 spes
2858 3917 3260 3979 suggerentem,
3302 3921 3354 3963 et
3408 3923 3539 3975 apo-

1969 4006 2140 4059 stolos
2163 4005 2313 4075 jussa
2347 4012 2718 4074 capessentes,
2749 4013 2826 4058 tot
2848 4006 3025 4070 plSCt'S
3070 4004 3299 4071 cepisse,
3331 4011 3386 4055 ut
3422 4013 3538 4055 rete

1968 4096 2113 4150 nullo
2145 4096 2309 4150 modo
2334 4097 2567 4164 amplius
2593 4097 2658 4147 ad
2686 4096 2958 4164 navigium
2990 4095 3206 4146 trahere
3239 4093 3534 4161 potuerint,

1967 4190 2060 4245 sed
2087 4190 2189 4244 sub
2225 4204 2363 4257 aqua
2390 4189 2456 4241 ad
2522 4196 2720 4240 terram
2777 4185 3143 4248 deduxerint;
3181 4182 3534 4252 Petrumque,

1967 4298 2091 4339 eum
2123 4282 2483 4337 intellexisset
2546 4279 2835 4333 Dominum
2879 4278 3011 4330 tanti
3066 4276 3316 4329 miraculi
3350 4283 3536 4327 aucto-

1971 4390 2084 4429 rem
2135 4388 2278 4435 esse,
2308 4373 2511 4436 statim,
2566 4377 2620 4424 ut
2674 4382 2814 4431 erat,
2855 4369 3042 4423 tunica
3085 4368 3451 4431 succinctum,
3483 4368 3534 4418 in

1970 4480 2165 4534 aquam
2229 4480 2289 4519 se
2349 4463 2657 4527 demisisse,
2704 4471 2758 4516 et
2818 4460 3056 4514 natando
3092 4459 3160 4513 ad
3221 4458 3533 4527 Magistrum

1971 4555 2320 4626 pervenisse;
2352 4553 2546 4607 deinde
2577 4562 2693 4606 rete
2745 4551 2810 4603 ad
2853 4561 3054 4603 terram
3111 4549 3368 4610 traxisse,
3420 4557 3535 4599 rete

1968 4651 2184 4719 plenum
2218 4647 2483 4709 piscibus,
2523 4654 2575 4698 et
2601 4646 2823 4712 quidem
2883 4644 3114 4710 magnis,
3168 4641 3326 4704 adde,
3358 4640 3404 4693 si
3439 4655 3535 4689 vo—

1967 4744 2066 4805 les,
2102 4742 2265 4795 etiam
2318 4738 2591 4809 plurimis,
2652 4744 2836 4803 utpote
2870 4742 3087 4787 centum
3138 4733 3532 4801 quinquaginta

1968 4833 2165 4886 tribus.
2215 4832 2409 4884 Annon
2466 4825 2719 4880 miraculi
2787 4823 2947 4893 hujus
3023 4822 3194 4891 gratia
3249 4821 3315 4875 ad
3368 4823 3535 4875 satie-

1969 4934 2132 4978 tatem
2166 4937 2343 4991 usque
2384 4934 2484 4974 vos
2513 4913 2787 4975 oblectare
2820 4914 3163 4985 potesl?Ego
3195 4930 3322 4969 vero
3354 4917 3534 4967 anim-

1964 5020 2185 5071 adverto
2236 5015 2499 5085 quosdam
2550 5013 2863 5067 dictitantes
2915 5009 3140 5075 :Quam
3196 5008 3339 5061 beati
3412 5010 3534 5075 qui-

1964 5111 2065 5165 bus
2095 5107 2335 5178 piscibus
2369 5106 2473 5160 illis
2509 5104 2612 5158 frui
2648 5118 2967 5158 coucessum
2998 5103 3113 5156 est!
3152 5100 3401 5159 Mirarer,
3429 5099 3533 5151 uisi

1961 5212 2012 5259 et
2044 5215 2138 5254 vos
2169 5200 2356 5254 beatos
2379 5197 2697 5258 censeretis,
2727 5196 2842 5265 qui,
2884 5196 3101 5249 Christo
3132 5205 3187 5251 et
3220 5193 3377 5247 Petro
3402 5206 3533 5246 ceu-

1961 5297 2317 5358 vivatoribus,
2347 5292 2596 5346 miraculi
2642 5292 2803 5357 huius
2834 5290 3077 5345 conviva:
3130 5289 3256 5342 Τειρῑὶ
3283 5285 3436 5340 estis.
3476 5284 3531 5335 lu

1960 5406 2059 5447 vos
2082 5388 2309 5459 piscium
2344 5386 2606 5440 miraculo
2640 5384 2866 5440 satiatos
2909 5394 3250 5451 nequaquam
3279 5377 3533 5445 conjicie-

1961 5496 2072 5551 tur,
2095 5485 2235 5556 quod
2263 5491 2318 5539 et
2348 5482 2470 5538 aliis
2495 5480 2770 5535 nonnullis
2802 5477 3188 5544 exprobratum
3218 5479 3301 5525 cst
3326 5488 3339 5523 :
3366 5470 3529 5536 Quae-

1960 5579 2081 5635 ritis
2141 5589 2226 5630 me
2287 5572 2499 5634 audire,
2538 5587 2644 5625 non
2700 5568 2825 5638 quia
2859 5569 3010 5638 signa
3072 5562 3283 5618 vid’stis
3314 5560 3382 5626 ",
3430 5558 3531 5615 sed

1960 5676 2084 5747 quia
2123 5684 2286 5741 panes
2349 5681 2497 5721 meos
2525 5660 2861 5717 comrdistis.
