3992 6210
310 346 450 409 1109

1312 339 1712 399 ENCOMIUM
1756 339 1866 399 SS.
1905 337 2131 396 PETRI
2179 337 2271 395 ET
2300 333 2546 394 PAULI.

3405 324 3537 385 illi)

307 463 520 517 ναυτῶν
554 461 854 528 ἀγρυπνεῖν
882 475 893 487 ο
926 458 1120 510 οὐκοῦν
1154 459 1246 510 καὶ
1278 459 1602 524 ἐγρήγορεν.
1667 459 1869 519 Ὄντως

1979 473 2122 522 esse,
2188 471 2348 525 quam
2416 449 2726 506 vectoribus
2793 457 2845 500 et
2913 441 3110 498 nantis.
3153 439 3347 506 Vigilat
3383 453 3536 502 ergo.

309 552 544 623 πρόσθεν
577 551 804 620 οὐρανὸς
839 551 999 618 φύσει
1040 550 1290 618 βοτάνας,
1340 551 1435 601 κα)¹
1487 550 1720 618 ἀστέρες
1771 549 1874 614 γῆν

306 643 716 712 διαγράῲουσιν,
752 642 784 711 ἢ
816 642 944 703 τοὺς
972 641 1298 699 ἀποστόλους
1334 641 1509 705 ἔγωγε
1556 639 1722 706 φαίην
1787 641 1872 702 ἂν,

309 733 384 801 μὴ
419 733 595 784 πάντα
623 732 840 784 πάντων
878 731 1151 799 προέχειν.
1189 729 1249 780 Ei
1283 731 1389 797 γὰρ
1415 727 1488 795 μὴ
1513 729 1605 780 καὶ
1626 727 1701 795 τῷ
1750 729 1874 796 χρό-

305 841 382 892 νῳ
413 824 623 884 πάντας
674 822 999 892 προέλαϐον,
1054 820 1166 872 ἔστι
1213 818 1259 870 δ’
1288 815 1362 872 ὧν
1391 818 1449 870 οὗ
1509 818 1744 886 μετρίων
1781 817 1874 869 καὶ

305 914 551 984 δεύτεροι
579 913 714 984 πρὸς
739 915 832 967 τὸν
863 913 976 983 βίον
1013 913 1290 981 ἀφίκοντο,
1337 910 1453 964 ἀλλ’
1507 909 1639 978 ὁμοῦ
1697 907 1872 960 πάντα

313 1006 668 1068 συλλαϐόντες
690 1009 746 1058 ἐν
777 1007 992 1066 ἑαυτοῖς
1038 1002 1460 1074 κατορθώματα,
1507 1001 1600 1054 καὶ
1656 1001 1873 1051 πάντων

306 1098 382 1159 ὡς
403 1097 481 1150 ἔνι
510 1097 742 1163 μάλιστα
772 1098 1178 1166 ὑπερίδρυνται.
1213 1095 1322 1147 Kal.
1349 1094 1722 1163 προκάθηνται
1777 1092 1873 1158 μὲν

309 1187 624 1253 προφητῶν,
651 1186 1022 1256 κροκάθηνται
1047 1186 1102 1239 δὲ
1125 1186 1237 1238 τῶν
1268 1183 1681 1238 συναποστόλων
1709 1200 1724 1213 ο
1765 1181 1873 1233 τῶν

312 1279 433 1345 μὲν,
464 1278 544 1330 ὅτι
572 1278 684 1339 ἶτὰς
733 1276 954 1330 ἐκείνων
991 1279 1177 1347 ῥήσεις
1241 1278 1544 1346 ἐκύρωσαν.
1591 1279 1685 1327 καὶ
1731 1273 1873 1336 ἅπερ

305 1369 533 1430 ἐκείνοις
560 1364 627 1438 ἦν
655 1370 713 1420 ἐν
733 1371 941 1436 ἐφέσει,
965 1370 1172 1431 τούτοις
1213 1371 1270 1421 ἐν
1298 1368 1615 1430 ἀπολαύσει,
1639 1367 1872 1436 προέϐη,

305 1458 415 1512 τῶν
441 1457 496 1512 δὲ
520 1460 601 1512 ὅτι
626 1478 683 1512 τε
708 1460 798 1513 τὸν
819 1461 1092 1530 Δεσπότην
1128 1461 1282 1531 ὲφίλη
1294 1458 1578 1512 τανπλέον
1632 1459 1869 1520 πάντων,

308 1554 402 1604 καὶ
471 1553 810 1620 ἠγωνίσαντο
858 1552 1020 1607 πλέον
1077 1553 1315 1605 πάντων.
1381 1549 1763 1620 Προκάοηνται
1815 1547 1873 1599 δὲ

311 1641 606 1710 μαρτύρων
633 1641 773 1710 ὁμοῦ
802 1641 894 1693 καὶ
912 1642 1072 1694 ὁσίων
1102 1657 1118 1672 ο
1155 1641 1290 1707 πρὸς
1316 1641 1556 1702 ἐκείνους
1591 1641 1698 1710 γὰρ
1727 1637 1872 1691 οὗτοι

306 1730 614 1798 βλέποντες,
647 1733 696 1784 oi
733 1733 831 1800 μὲν
859 1733 993 1801 πρὸς
1023 1734 1250 1800 ὁρατοὺς
1279 1731 1418 1800 ὁμοῦ
1463 1735 1558 1783 καὶ
1600 1731 1870 1798 ἁοράτους

305 1821 549 1890 ἐχθροὺς,
584 1824 630 1874 oi
679 1823 734 1874 δὲ
771 1825 905 1891 πρὸς
960 1824 1157 1892 μόνους
1195 1824 1530 1876 ἀπεδύσαντο
1584 1824 1709 1885 τοὺς
1751 1823 1870 1875 δευ-

304 1915 516 1983 τέρους.
564 1915 942 1985 Προκάθηνται
999 1915 1066 1969 δι’
1113 1915 1325 1986 ἱερέων,
1371 1916 1472 1968 ὅσα
1516 1915 1610 1967 καὶ
1664 1914 1873 1966 παίδων

307 2007 544 2075 πατέρες
575 2023 588 2039 ·
618 2008 989 2077 προκάθηνται
1017 2010 1237 2062 πάντων
1259 2007 1395 2075 ὁμοῦ
1428 2007 1607 2060 πάντα
1654 2006 1873 2058 πάντων

312 2096 770 2166 ὑπερϐαλόμενοι.
825 2099 932 2152 Καὶ
962 2102 1099 2151 πᾶσι
1136 2101 1314 2152 πάντα
1348 2101 1460 2162 τοῖς
1512 2096 1875 2163 ἐπικαλουμέ-

307 2200 419 2246 νοις
454 2186 650 2249 αύτοὺς
685 2188 946 2254 γίνονται.
985 2187 1155 2241 Τοῦτο
1201 2191 1310 2258 γὰρ
1338 2189 1470 2240 αὐτὸ
1517 2189 1610 2240 καὶ
1664 2188 1877 2257 περιόν-

308 2293 395 2339 τες
424 2276 503 2331 ἐτι
534 2280 860 2349 παρείχοντο
890 2281 1139 2342 ἑαυτοὺς,
1175 2280 1270 2333 καὶ
1295 2282 1430 2348 πρὸς
1475 2281 1632 2333 τοῦτο
1667 2279 1874 2349 προθύ-

307 2384 436 2435 μους
473 2369 630 2438 ῐσμεν
660 2372 855 2430 αὐτοὺς
908 2373 1288 2440 γιγνομένους,
1321 2372 1448 2434 τοὺς
1487 2371 1721 2439 Χριστοῦ
1756 2373 1877 2425 στό-

310 2477 384 2528 μα
410 2459 554 2527 λέγω
589 2463 1018 2531 γεγενημένους,
1067 2464 1193 2526 τοὺς
1243 2463 1409 2531 σκεύη
1463 2464 1566 2532 τῆς
1624 2463 1876 2531 ἐκλογῆς,

303 2550 430 2610 τοὺς
464 2550 750 2619 θεμελίους
781 2553 876 2619 τῆς
911 2552 1253 2622 Ἐκκλησίας,
1282 2555 1407 2613 τοὺς
1433 2553 1631 2622 ταμίας
1661 2553 1766 2604 τῶν
1792 2552 1878 2604 οὗ·

307 2642 506 2709 ρανῶν,
535 2642 657 2705 τοὺς
690 2643 781 2695 τοῦ
819 2644 1068 2714 Σωτῆρος
1115 2643 1442 2706 ἀκολούθους
1477 2645 1569 2695 καὶ
1612 2643 1877 2711 μιμητὰς,

301 2733 426 2794 τοὺς
460 2735 806 2802 μετ’ἐκεῖνον
829 2737 929 2799 τῆς
982 2737 1310 2806 οἰκουμένης
1370 2737 1643 2803 σωτῆρας.
1696 2736 1878 2787 Ταῦτα

221 2848 223 2850 ·
300 2823 630 2878 καὶτούτων
658 2826 740 2878 ἔτι
767 2828 936 2878 πλείω
966 2845 1021 2878 τε
1052 2829 1146 2879 καὶ
1188 2829 1286 2895 οὐχ
1338 2827 1508 2896 ἥττω,
1553 2819 1632 2889 οἷς
1676 2827 1742 2880 ἄν
1797 2841 1880 2887 τις

304 2914 521 2984 Θαρρῶν
545 2917 826 2985 χρήσαιτο,
874 2919 1167 2986 ἀηττήτοις
1215 2919 1542 2987 προμάχοις,
1613 2918 1879 2988 ἁῤῥαγέσι

305 3007 618 3074 προϐόλοις,
658 3010 959 3077 ἀγρύπνοις
1010 3009 1230 3077 φύλαξι,
1280 3012 1619 3082 παρηγόροις
1671 3013 1728 3062 ἐν
1789 3010 1879 3062 λύ-

1987 551 2114 604 Vere
2153 549 2351 604 cmlum
2388 547 2536 616 prius
2588 545 2800 611 plantas
2851 535 3252 606 progenerabit,
3279 543 3329 585 ct
3363 531 3538 585 stellis

1981 653 2122 694 terra
2165 638 2512 707 insignietnr,
2556 649 2718 703 quant
2777 647 2878 699 ego
2922 629 3205 689 allirmem,
3257 624 3536 691 apostolos

1978 735 2112 786 istos
2162 732 2212 784 in
2251 729 2506 782 omnibus
2564 736 2615 779 ct
2669 737 2832 792 super
2883 735 3069 774 omnes
3111 732 3216 771 non
3271 715 3535 769 eminere.

1977 824 2109 877 Nam
2144 822 2268 874 licet
2309 829 2549 886 tempore
2599 831 2705 868 non
2759 811 3159 865 anteverterint
3204 820 3416 867 omnes,
3461 814 3542 855 ta-

1977 930 2100 968 men
2142 924 2194 966 et
2227 911 2481 965 secundis
2521 924 2625 960 non
2669 905 2963 960 mediocria
3017 899 3351 970 capessenda
3411 911 3538 962 pro-

1975 1017 2276 1077 ponuntnr,
2310 1015 2364 1057 et
2391 1004 2480 1057 isti
2522 1001 2705 1056 omnia
2733 998 2987 1068 praeclare
3022 997 3160 1050 facta
3193 994 3247 1047 in
3289 1005 3348 1046 se
3393 1003 3539 1043 com-

1978 1096 2138 1165 plexi,
2185 1093 2462 1154 omnibus,
2499 1106 2663 1152 quam
2713 1088 2948 1142 maxime
2999 1085 3113 1140 ﬁeri
3151 1091 3350 1152 potest,
3388 1087 3539 1132 ante-

1977 1198 2276 1261 ponuntur.
2330 1186 2633 1240 Prazsident
2690 1183 2992 1254 prophetis,
3044 1178 3334 1249 praesident
3366 1184 3537 1229 etco-

1977 1280 2240 1348 apostolis
2278 1296 2290 1331 :
2326 1278 2454 1337 illis,
2513 1275 2641 1344 quia
2704 1287 2891 1326 eorum
2954 1270 3174 1322 oracula
3240 1267 3535 1319 eontirma-
3616 1315 3625 1325 ί

1977 1379 2122 1432 runt,
2152 1378 2208 1423 et
2243 1383 2364 1436 qua:
2412 1365 2518 1419 illis
2550 1369 2710 1417 erant
2747 1363 2799 1414 in
2835 1359 3059 1426 optatis,
3096 1357 3288 1409 hormn
3323 1353 3535 1423 fructus

1975 1465 2084 1518 illis
2117 1475 2421 1516 cencessus
2448 1469 2562 1522 est;
2604 1457 2748 1518 istis,
2795 1453 2921 1523 quia
2953 1452 3074 1520 plus
3105 1449 3317 1502 creteris
3350 1444 3534 1497 Domi-
3604 1467 3612 1472 -

1977 1570 2102 1608 num
2138 1553 2451 1606 dilexerunt
2505 1557 2557 1602 et
2608 1547 2760 1614 plura
2805 1558 2966 1607 quam
3021 1539 3202 1594 casteri
3237 1535 3534 1591 certamina

1975 1644 2281 1700 subierunt.
2319 1640 2618 1694 Praesident
2666 1638 2891 1703 insuper
2941 1626 3536 1701 martyribus-aliisque

1977 1736 2201 1790 sanctis.
2259 1734 2337 1786 Ad
2393 1733 2518 1785 illos
2579 1730 2724 1783 enim
2791 1725 3148 1795 respicientes
3194 1718 3414 1785 quidam
3479 1726 3536 1770 et

1974 1843 2098 1882 cum
2132 1823 2550 1894 aspectabilibus
2583 1830 2636 1874 et
2687 1835 2808 1872 cum
2842 1813 3319 1885 inaspectahilibus
3349 1808 3538 1864 adver-

1975 1917 2136 1980 sariis
2188 1916 2239 1968 in
2290 1927 2508 1968 arenam
2541 1910 2970 1971 descenderunt;
3027 1906 3114 1958 alii
3173 1911 3381 1956 tantum
3411 1913 3535 1953 cum

1974 2005 2481 2077 inaspectahilibus.
2515 2003 2817 2056 Prmsitlcnt
2861 1996 3260 2056 sacerdotibus,
3300 2000 3356 2044 ut
3385 2000 3539 2059 pater

1933 2135 1944 2145 ε
1976 2101 2128 2154 ﬁliis.
2163 2096 2462 2153 Praasident
2496 2095 2751 2147 omnibus
2779 2091 2943 2147 simul
2975 2102 3165 2142 omnes
3194 2087 3244 2138 in
3283 2083 3539 2138 omnibus

1977 2191 2341 2262 supergressi,
2379 2199 2433 2242 et
2480 2187 2736 2240 omnibus
2806 2200 2864 2239 se
2917 2178 3298 2236 invocantibus
3356 2176 3536 2228 omnia

1977 2287 2126 2352 facti,
2161 2284 2343 2339 ethoc
2399 2281 2600 2350 ipsum,
2651 2293 2775 2332 cum
2840 2275 3020 2328 adhuc
3060 2275 3113 2327 in
3161 2281 3304 2323 terra
3353 2282 3538 2335 snper-

1978 2378 2137 2433 stites
2184 2380 2386 2434 essent,
2450 2379 2701 2440 prompte
2763 2366 3017 2420 omnibus
3075 2360 3425 2431 praestabant,
3484 2367 3538 2410 et

1979 2468 2190 2521 alacres
2220 2480 2297 2522 se.
2332 2473 2388 2515 ut
2414 2461 2646 2531 singulis
2678 2458 3136 2528 gratificarentur,
3184 2451 3536 2506 exhibebant.

1978 2559 2058 2612 llli
2095 2558 2323 2615 scilicet,
2360 2555 2451 2622 qui
2484 2570 2544 2605 os
2574 2551 2776 2606 Christi
2837 2557 3014 2610 erant,
3069 2561 3198 2598 vasa
3236 2543 3539 2604 electionis,

1980 2650 2329 2705 fundamenta
2375 2645 2651 2709 Ecclesiae,
2700 2650 3002 2712 quarstores
3044 2639 3329 2701 coilorunn,
3357 2634 3511 2687 Salva

1982 2744 2113 2796 toris
2144 2740 2296 2809 pedis
2328 2739 2452 2807 equi
2515 2745 2568 2789 et
2625 2733 2976 2796 imitatores;
3037 2741 3092 2785 et
3176 2739 3297 2796 post
3365 2727 3540 2788 illum,

1981 2835 2132 2888 orbis
2185 2843 2452 2886 terrarum
2515 2841 2844 2883 servatores.
2915 2827 3042 2880 [Lee
3098 2835 3225 2878 sunt
3256 2831 3309 2875 ct
3366 2823 3540 2888 plura,

1980 2942 2080 2980 nec
2120 2926 2328 2978 minora
2361 2923 2444 2976 his
2471 2927 2788 2990 supersunt,
2833 2918 3205 2983 apostolorum
3245 2913 3537 2982 praeconia,

1981 3030 2119 3086 quos
2151 3015 2276 3082 quis
2315 3012 2545 3065 ﬁdenter
2610 3010 2711 3063 sibi
2770 3009 3022 3071 asciscat,
3082 3015 3338 3072 tanquam
3401 3003 3540 3054 invi-

305 3113 456 3161 παις,
483 3101 538 3150 ὲν
563 3099 830 3162 κινδύνοις
859 3101 1106 3172 ρύσταις,
1157 3104 1362 3173 ίατροῖς
1405 3105 1463 3155 ἐν
1507 3107 1704 3169 νόσοις,
1746 3121 1869 3156 συν-

1981 3116 2098 3160 ctos
2126 3111 2579 3173 propugnatores,
2633 3097 3034 3169 propugnacula
3073 3093 3538 3162 inexpugnabilia.

303 3188 578 3243 οδεύουσιν
618 3191 672 3242 εί»
712 3191 909 3254 όδεύοι,
940 3193 1304 3264 κυϐερνήταις
1330 3196 1378 3247 εί
1432 3195 1605 3260 πλέοι,
1635 3193 1741 3259 ζῶν
1766 3213 1868 3265 κη-

301 3281 510 3352 δεμόσι,
543 3284 638 3335 καὶ
667 3283 842 3337 θανὼν
869 3286 1306 3357 ἀντιλήπτορσιν.

1978 3196 2235 3251 Custodes
2261 3194 2568 3263 vigilantes,
2621 3188 2992 3242 consolatores
3046 3185 3098 3236 in
3155 3181 3424 3240 adversis,
3485 3179 3538 3232 in

1985 3285 2244 3356 periculis
2278 3284 2619 3342 liberatores,
2658 3281 2708 3332 in
2750 3278 2954 3330 morbis
2989 3277 3249 3337 tttcdiros,
3289 3273 3537 3336 comites,

305 3379 350 3430 si
384 3380 506 3446 quis
548 3383 652 3436 iter
699 3381 896 3448 faciat,
931 3385 1342 3454 gubernatores,
1381 3384 1426 3440 si
1456 3388 1580 3458 quis
1615 3388 1871 3456 naviget,
1913 3399 2054 3456 quos
2096 3383 2220 3452 quis
2266 3380 2453 3432 vivens
2497 3383 2810 3438 curatores,
2848 3381 2906 3426 et
2949 3379 3195 3425 mortuos
3261 3369 3541 3435 adjutores

306 3471 492 3523 habet.

379 3561 479 3620 Ὧν
504 3571 568 3638 τῇ
591 3572 893 3640 προστασίᾳ
917 3572 1006 3625 καὶ
1037 3572 1260 3644 βοηθείᾳ
1287 3575 1387 3644 ήδη
1419 3575 1585 3643 κάμοὶ
1614 3577 1751 3646 πρὸς
1780 3576 1870 3628 τέ-

308 3659 399 3718 λος
430 3658 658 3725 ὁλόγος,
689 3660 766 3723 ὡς
827 3662 906 3724 είς
945 3661 1141 3731 λιμένα
1190 3665 1462 3734 καταίρει.
1529 3666 1711 3718 Πάντα
1774 3665 1871 3735 μὲν

307 3746 400 3801 οὖν
431 3750 518 3803 διά
551 3752 784 3818 πάντων,
809 3752 869 3806 εὖ
907 3755 1050 3821 μάλα
1074 3757 1184 3817 τοῖς
1214 3756 1532 3818 ἀποστόλοις
1586 3759 1871 3827 εἴργασται

307 3846 399 3896 καὶ
431 3847 757 3899 τετέλεσται.
793 3847 861 3899 Τί
888 3847 997 3916 γάρ
1029 3863 1043 3912 ;
1087 3847 1194 3900 ἔδει
1228 3847 1306 3916 τῷ
1365 3850 1584 3918 Χριστῷ
1644 3853 1872 3917 προσελ-

306 3939 457 4000 θεῖνς
510 3938 839 4007 Προσῆλθον.
883 3932 1173 4009 ’Πανταχοῦ
1211 3940 1481 4010 κηρύξαι;
1537 3942 1864 4012 Ἐκήρυξαν.

305 4028 489 4080 Πάντα
513 4029 693 4091 καλῶς
723 4028 1130 4096 ἀγωνίσασθαις
1181 4029 1560 4096 Ἥγωνισαντο.
1608 4032 1869 4100 Ἐιράμιλ-

303 4121 472 4172 roma
497 4121 666 4190 πέρας
716 4123 836 4183 ταῖς
889 4120 1152 4193 πράξεσιν
1201 4121 1497 4186 ἐπιθεῖναι;
1538 4122 1866 4191 Ἐπέοήκαν.

300 4212 540 4275 Θάνατος
571 4215 677 4281 γὰρ
715 4212 854 4281 ὑπὲρ
887 4215 930 4267 Χ
942 4213 1127 4283 ριστοῦ,
1162 4213 1331 4282 βίαιος
1356 4213 1684 4284 παρέπεμψε
1731 4215 1867 4284 πρὸς

303 4305 558 4372 Χριστόν.
587 4307 698 4358 Καὶ
740 4308 768 4358 ὁ
798 4305 956 4358 τοῦτο
995 4304 1228 4357 κελεύων
1259 4305 1471 4374 Νέρων,
1513 4307 1570 4367 ὃς
1629 4309 1864 4373 ἐκφανέ-

302 4407 472 4441 στατα
506 4390 808 4457 ἀνθρώπων
836 4392 1036 4456 ἔδειξεν
1071 4394 1103 4461 ἣ
1141 4394 1300 4462 μόνος
1347 4394 1379 4460 ἢ
1448 4395 1708 4462 μάλιστα,
1765 4398 1864 4447 ὅσα

302 4481 397 4531 καὶ
434 4481 595 4546 ἡλίκα
623 4484 796 4533 ποιεῖν
821 4485 962 4552 ἀρχὴ
996 4489 1140 4553 κακὴ
1172 4485 1393 4539 δύναται
1423 4487 1594 4538 κακοῦ
1627 4487 1865 4558 τυχοῦσα

2047 3568 2289 3634 Quorum
2354 3561 2521 3614 ductu
2591 3568 2643 3613 et
2699 3557 2904 3610 auxilio
2963 3554 3095 3607 tnihi
3147 3554 3257 3622 jam
3319 3568 3538 3621 quoque

1974 3661 2150 3717 oratio
2213 3657 2278 3710 ad
2339 3655 2519 3716 linem,
2575 3651 2722 3703 velut
2769 3651 2834 3700 ad
2894 3657 3133 3716 portum,
3199 3645 3534 3712 provehitur.

1976 3752 2166 3809 Omnia
2203 3750 2368 3817 igitur
2413 3753 2466 3800 et
2529 3758 2624 3812 per
2687 3739 2869 3794 omnia
2930 3737 3191 3807 apostolis
3245 3736 3532 3788 admotum

1978 3845 2145 3914 probe
2203 3849 2417 3909 peracta
2479 3844 2628 3891 sunt.
2691 3833 2831 3898 Quid
2893 3829 3079 3885 enim?
3134 3831 3212 3882 A-l
3255 3829 3534 3883 Christum

1975 3938 2260 4008 Oportebat
2305 3930 2602 3986 accedere?
2656 3929 3043 3981 Accusserunt.
3077 3924 3292 3991 Ubique
3343 3922 3543 3990 pnetli-

1973 4030 2136 4084 care?
2180 4027 2573 4080 Przedicarunt.
2622 4023 2679 4074 lu
2737 4019 2991 4073 omnibus
3033 4017 3230 4070 bonum
3265 4025 3538 4068 Ct‘t'lulthtt

1972 4118 2562 4176 certare?Certarnnt.
2595 4111 2840 4166 Similem
2889 4110 3047 4161 tinem
3087 4108 3394 4159 actionibus
3436 4105 3539 4156 im-

1973 4211 2218 4282 ponere?
2250 4211 2652 4275 lmposuernnt.
2683 4201 2932 4255 Violenta
2973 4202 3117 4254 enim
3173 4215 3270 4267 pro
3322 4196 3540 4250 Christo

1973 4315 2228 4372 suscepta
2268 4316 2412 4352 mors
2446 4298 2512 4352 ad
2540 4297 2816 4352 Christum
2865 4294 2982 4347 illos
3015 4290 3337 4344 transmisit.
3367 4287 3537 4354 Cujus

1973 4395 2165 4448 mortis
2220 4387 2412 4445 auctor
2459 4388 2624 4452 Nero,
2662 4388 2750 4456 qui
2799 4385 2878 4439 vel
2923 4385 3096 4446 Solus,
3133 4383 3216 4436 vel
3267 4383 3537 4451 prazcipue

1974 4486 2282 4539 luculenter
2324 4481 2588 4545 ostendit,
2621 4488 2826 4549 quanta
2859 4489 2913 4531 et
2952 4476 3131 4544 qualia
3163 4475 3405 4530 facinora
3422 4463 3536 4528 ’ἰηι-

299 4571 396 4622 τοῦ
431 4570 761 4638 ἐφεστῶτος.
787 4574 902 4625 Νῦν
927 4575 984 4627 δὲ
1011 4575 1091 4645 τῷ
1132 4578 1350 4648 Χριστῷ
1383 4579 1633 4640 συνόντες
1689 4583 1746 4631 ἐν
1779 4581 1866 4632 οὐ-

1974 4582 2176 4651 perium
2217 4590 2432 4647 patrare
2464 4579 2654 4644 possit,
2685 4576 2732 4628 si
2777 4575 2976 4626 malum
3007 4570 3290 4640 przesidem
3341 4572 3531 4623 nanci-

303 4663 508 4729 ρανοίς,
533 4652 579 4728 ᾧ
605 4665 698 4716 καὶ
730 4663 821 4715 ἐπὶ⁸
849 4665 950 4734 γῆς
985 4666 1224 4734 συνῆσαν
1260 4666 1578 4736 ἀχώριστοι,
1625 4668 1865 4738 ἀπέραν-

297 4770 361 4804 τλι
385 4753 688 4822 χαίρουσιν.

379 4932 615 5000 Ἐμοὶδὲ
640 4933 786 4987 δοκεῖ
813 4932 909 4988 καὶ
958 4935 1034 4994 ὡς
1080 4935 1140 4989 ἐν
1190 4935 1469 5006 κεφαλαίῳ
1517 4936 1625 4990 τῶν
1690 4938 1863 5006 λόγων

297 5027 665 5092 προσειπόντα
695 5027 822 5088 τοὺς
851 5029 1182 5090 ἀποστόλους
1212 5029 1306 5080 καὶ
1352 5028 1740 5096 ἐπευξάμενον,
1767 5033 1862 5082 αύ-

295 5117 422 5170 τίκα
444 5117 622 5169 δοῦναι
648 5119 725 5188 τῷ
751 5121 894 5189 λόγῳ
917 5119 1129 5185 στῆναι.
1164 5120 1400 5189 Χαίρετε
1445 5118 1560 5186 οὖν,
1592 5115 1636 5173 ὦ
1685 5123 1862 5190 μακά-

297 5224 424 5277 ριοι,
451 5210 692 5278 χαίρετε,
721 5208 956 5279 Χριστοῦ
988 5211 1244 5280 μαθηταί.
1279 5212 1540 5281 Χαίρετε,
1560 5213 1656 5280 τῆς
1681 5215 1860 5266 οίκου-

296 5300 464 5368 μένης
496 5300 825 5354 διδάσκαλοι.
870 5303 979 5354 Καὶ
1009 5305 1118 5371 γάρ
1150 5304 1368 5372 χαίρετε
1413 5303 1546 5372 πρὸς
1588 5299 1668 5364 οἷς
1723 5307 1861 5357 ἀπο-

293 5392 508 5458 λαύετε,
565 5395 626 5445 τὸ
685 5394 950 5463 ὑμέτερον
997 5395 1247 5462 ποίμνιον
1293 5394 1500 5448 ἀνωθεν
1555 5395 1862 5464 ἐφορῶντες

291 5482 372 5542 εἰς
398 5476 512 5533 οἷον
559 5481 677 5534 ἀνθ’
718 5481 832 5534 οἴου
872 5487 991 5545 ταῖς
1044 5484 1132 5535 ἀεὶ
1172 5485 1511 5554 προσθήκαις
1570 5487 1858 5540 ἐπέδωκεν.

289 5572 353 5623 Εἰ
387 5573 462 5642 μή
491 5588 542 5624 τι
574 5577 928 5643 παραιρεῖται
979 5575 1075 5644 τῆς
1107 5574 1300 5644 ἡδονῆς
1349 5576 1406 5628 τὸ
1445 5578 1568 5639 τοὺς
1617 5580 1861 5632 ἁπαντα-

292 5658 392 5727 χοῦ
415 5660 518 5730 γῆς
549 5661 642 5714 τὸν
671 5663 769 5716 ἕνα
808 5662 1042 5732 Χριστὸν
1072 5663 1577 5734 ἐπικαλεσαμένους
1619 5667 1752 5719 Θεὸν
1791 5668 1860 5720 δι’

296 5749 470 5819 ὑμῶν,
500 5755 565 5822 τῇ
592 5751 684 5805 τοῦ
745 5753 980 5822 πονηροῦ
1011 5755 1336 5825 κακοτεχνίᾳ
1368 5757 1611 5828 πολλαχῆ
1641 5760 1857 5813 amna-

1973 4682 2176 4728 scatur.
2205 4669 2359 4724 Nunc
2387 4677 2569 4723 autem
2605 4682 2724 4720 cum
2749 4665 2968 4719 Christo
2993 4664 3044 4716 in
3067 4662 3222 4715 cmlis
3252 4661 3529 4730 degente=,

1971 4765 2059 4818 cui
2089 4763 2252 4818 etiam
2286 4764 2338 4815 in
2367 4761 2528 4815 terris
2555 4755 2998 4826 inseparabiliter
3021 4755 3382 4824 adhaeserant,
3414 4753 3534 4806 sine

1972 4854 2079 4907 line
2101 4853 2398 4907 exsultant.

2043 4944 2155 5012 Ego
2194 4957 2320 4996 vero
2349 4939 2658 4994 consultum
2698 4952 2896 4993 censeo
2932 4944 3013 4999 ut,
3053 4935 3179 5003 quia
3211 4934 3264 4986 in
3293 4932 3528 4984 termino

1971 5049 2284 5095 versamur,
2325 5033 2602 5102 apostolos
2633 5029 2952 5099 compellem
2997 5038 3051 5082 et
3084 5028 3350 5084 invocent,
3385 5038 3530 5075 mox-

1969 5142 2076 5194 que
2101 5139 2322 5179 Cursum
2374 5125 2589 5178 sistam.
2641 5105 2858 5174 Salvete
2907 5119 3092 5186 igitur,
3137 5133 3168 5169 ο
3214 5113 3375 5167 beati.
3415 5113 3535 5164 Sal-

1968 5226 2110 5281 vete,
2151 5215 2353 5269 Christi
2401 5215 2674 5283 discipuli,
2707 5215 2872 5266 totius
2908 5214 3058 5263 orbis
3093 5209 3356 5274 magistri.
3389 5204 3530 5256 Gm-

1967 5308 2108 5362 detis
2138 5307 2336 5361 etenim
2399 5309 2537 5360 inter
2601 5307 2818 5375 gaudia,
2873 5307 3159 5375 quibusin
3212 5302 3351 5354 eicio
3398 5297 3532 5349 frui-

1967 5399 2125 5462 mini,
2161 5401 2382 5467 quando
2426 5407 2662 5452 vestrum
2708 5413 2921 5466 gregem
2973 5393 3302 5464 quietidianis
3350 5390 3532 5442 incre-

1966 5490 2168 5544 mentis
2194 5501 2411 5542 auctum
2449 5491 2728 5558 aspicitis;
2765 5490 2866 5543 nisi
2915 5485 3118 5554 aliquid
3149 5487 3212 5536 de
3256 5481 3530 5546 VOiUP‘a'e

1966 5583 2239 5650 decerpat,
2289 5583 2432 5651 quod
2483 5584 2574 5650 qui
2631 5581 2828 5649 ubique
2883 5589 3147 5633 terrarum
3187 5593 3215 5628 a
3255 5574 3408 5627 vobis
3442 5574 3530 5625 in-

1966 5671 2143 5725 stituti
2179 5687 2346 5724 unum
2376 5672 2674 5736 Christum,
2720 5681 2778 5723 ut
2830 5671 3019 5731 Deum,
3068 5673 3341 5729 invocant,
3375 5683 3532 5721 caco-

1969 5763 2232 5818 daemonis
2282 5762 2484 5816 malitia
2532 5761 2884 5816 tnuttitariam
2929 5762 3147 5815 dissecti
3189 5763 3335 5823 sunt;
3383 5769 3528 5812 recta
