3992 6210
315 339 451 408 1ιῖῘῖ
1195 353 1613 433 TRANSLAT.
1656 355 1718 415 S.
1755 354 2176 415 AUGUSTlNl
2225 355 2321 415 DE
2365 353 2660 418 TlllNlT.
3417 361 3554 423 Ῑιιι

383 441 643 511 ttmterum
676 475 740 513 ne
771 454 1088 513 offendatur
1117 461 1240 530 pius
1278 463 1469 525 lector,
1507 465 1763 531 quoniam
1797 465 2069 521 Planndes
2104 479 2339 536 quatuor
2356 470 2695 537 argumentis
2721 469 2981 544 adversus
3006 489 3191 527 verum
3225 474 3418 541 dogma
3447 472 3552 525 La-

311 548 546 600 tittoru-n
580 549 793 602 videtur
824 550 1130 619 insurgere,
1163 551 1448 603 sciendum
1479 565 1554 605 ρει
1583 568 1704 604 eum
1726 554 1921 606 timore
1948 556 2208 623 principis
2230 556 2360 609 illud
2389 557 2610 619 fecisse,
2637 567 2693 609 ιιι
2721 566 2953 610 testatur
2979 559 3280 615 Demetrius
3307 559 3555 629 Cyllenes

309 643 362 686 et
385 633 668 688 Bessarion
700 639 750 689 itt
777 636 1050 692 solutione
1073 639 1286 692 illorum
1315 649 1785 708 argumentorum,
1807 655 1926 708 quae
1955 642 2007 693 itt
2036 643 2184 718 calce
2205 654 2322 711 post
2347 644 2527 712 Capita
2559 644 2736 697 sancti
2760 646 3049 715 Augustini
3075 663 3137 699 ex
3171 648 3307 700 libro
3340 648 3412 699 De
3444 645 3561 699 Tri-

312 719 480 773 nitate
501 725 807 793 desumpta,
870 727 1174 794 posuimus.
1198 783 1200 785 .

1072 1040 1527 1104 AUGUSTINI
1559 1044 1674 1103 EX
1705 1043 1960 1105 LIBRO
2009 1047 2122 1107 XV
2159 1048 2271 1108 DE
2317 1048 2805 1138 TRINITATE.

868 1354 1095 1409 CAPUT
1127 1357 1295 1414 XVII;
1905 1369 1952 1428 Α
1983 1366 2250 1431 Quoniam
2281 1377 2333 1420 tu
2360 1382 2417 1420 es
2445 1367 2705 1436 patientia
2733 1382 2869 1422 mea.
2897 1367 3084 1436 Neque
3127 1368 3268 1422 enim
3299 1379 3557 1439 propter-

387 1444 533 1500 Satis
565 1447 630 1499 de
669 1445 827 1501 Patre
850 1458 903 1501 et
945 1447 1105 1516 Filio,
1132 1462 1396 1519 quantum
1433 1470 1527 1522 per
1557 1458 1660 1513 hoc
1685 1474 1879 1528 specu-

314 1540 421 1593 lum
452 1548 615 1605 atque
644 1539 694 1592 in
735 1539 836 1592 hoc
865 1541 1154 1609 aenigmate
1199 1545 1390 1600 videre
1455 1551 1753 1617 potuimus,
1802 1553 1882 1606 lo-
1931 1543 1934 1546 Α

313 1631 420 1683 cuti
452 1646 662 1684 sumus.
699 1630 855 1684 Nunc
885 1632 952 1686 de
979 1631 1185 1700 Spiritu
1213 1647 1421 1704 sancto,
1450 1649 1742 1709 quantum,
1770 1644 1880 1698 Deo

314 1722 573 1782 donante,
611 1723 796 1776 videre
820 1725 1153 1793 conceditur,
1189 1728 1564 1784 disserendum
1621 1743 1702 1787 est
1736 1751 1750 1789 :
1787 1737 1880 1804 qui

315 1811 551 1880 Spiritus
575 1825 818 1881 sanctus,
841 1817 1143 1870 secundum
1174 1819 1486 1889 Scripturas
1516 1834 1755 1888 sanctas.
1783 1843 1884 1883 nec

318 1904 498 1959 Patris
535 1905 705 1961 solius
729 1915 834 1972 est,
875 1924 975 1962 nec
1000 1908 1116 1962 Filii
1149 1913 1340 1978 solius,
1376 1915 1468 1968 sed
1495 1917 1800 1980 amborum,
1830 1927 1884 1973 et

316 1995 437 2050 ideo
470 2012 839 2066 communem,
872 2001 996 2068 quia
1040 2003 1271 2057 invicem
1302 2021 1360 2060 se
1386 2007 1616 2078 diligunt
1650 2010 1809 2066 Pater
1829 2020 1886 2068 et

317 2086 508 2152 Filius,
547 2091 703 2145 nobis
735 2093 978 2148 insinuat
1008 2095 1359 2152 charitatem.
1407 2099 1474 2154 Ut
1537 2111 1715 2157 autem
1785 2119 1884 2160 nos

317 2190 596 2235 exerceret
627 2197 810 2237 sermo
827 2184 1066 2251 divinus,
1105 2203 1210 2240 non
1243 2205 1328 2242 res
1360 2190 1412 2242 in
1445 2202 1697 2262 promptu
1727 2195 1881 2261 sitas,

317 2275 409 2326 sed
439 2273 492 2326 in
509 2273 691 2328 abdito
707 2277 1050 2339 serutaudas,
1084 2289 1220 2333 etex
1244 2281 1430 2335 abdito
1460 2285 1750 2345 eruendas,
1776 2302 1890 2338 ma-

318 2361 432 2428 jore
449 2363 628 2416 studio
650 2363 773 2419 fecit
809 2365 1034 2435 inquiri.
1064 2369 1178 2422 Non
1204 2371 1385 2440 itaque
1408 2371 1540 2426 dixit
1566 2373 1884 2443 Scriptura:

318 2450 554 2520 Spiritus
588 2465 809 2510 sanctus
835 2459 1074 2512 Charitas
1105 2470 1184 2514 est
1211 2478 1224 2526 ;
1256 2464 1398 2530 quod
1428 2464 1473 2517 si
1498 2464 1753 2530 dixisset,
1780 2482 1886 2520 non

318 2556 536 2609 pit-vam
579 2556 783 2614 partem
820 2550 1140 2616 qtm-stionis
1189 2552 1349 2607 istius
1405 2555 1718 2611 abstulisset
1754 2559 1886 2613 :sed

320 2636 454 2688 dixit
485 2654 497 2689 :
526 2656 544 2688 σ
579 2637 722 2693 Deus
753 2641 1013 2696 'charitas
1060 2653 1140 2698 est
1170 2646 1184 2675 ¹
1211 2661 1226 2710 ;
1258 2664 1274 2696 ι
1311 2656 1370 2700 ιιι
1400 2647 1665 2702 incertum
1693 2650 1785 2710 sit.
1834 2660 1888 2706 ct

1984 1474 2045 1512 ea
2097 1460 2302 1512 dictum
2328 1469 2431 1525 est,
2466 1459 2597 1528 quia
2637 1459 2728 1512 Dei
2761 1459 3071 1514 substantia
3101 1469 3188 1513 est
3219 1469 3407 1514 nostra
3460 1476 3558 1526 pa.

1987 1549 2197 1616 tientia,
2231 1551 2324 1604 sed
2355 1551 2499 1619 quod
2537 1556 2604 1604 ab
2632 1551 2752 1618 ipso
2785 1550 2942 1604 nobis
2978 1559 3082 1617 est,
3119 1552 3263 1604 sicut
3311 1550 3445 1604 alibi
3487 1553 3561 1604 le-

1985 1639 2173 1707 gitur:
2214 1660 2232 1692 ‹
2264 1641 2532 1706 Quoniam
2587 1641 2656 1696 ab
2705 1642 2824 1711 ipso
2876 1652 2956 1696 est
3015 1643 3276 1710 patientia
3328 1657 3446 1695 mea
3486 1657 3501 1695 :
3536 1660 3554 1692 ι

1984 1727 2142 1784 Hunc
2175 1733 2375 1800 quippe
2410 1746 2630 1785 sensum
2665 1732 2824 1785 facile
2873 1731 3076 1785 refellit
3142 1731 3554 1800 Scripturarum

1985 1827 2100 1896 ipsa
2126 1827 2342 1880 locutio.
2379 1824 2511 1879 Tale
2535 1834 2614 1880 est
2638 1827 2806 1892 enim,
2840 1845 2857 1876 ι
2885 1826 2964 1879 Τυ
2991 1841 3047 1879 es
3072 1826 3334 1894 patientia
3357 1841 3482 1878 mea
3506 1839 3554 1892 ς»

1986 1920 2145 1988 quale
2166 1927 2268 1979 est,
2304 1935 2322 1968 ι
2352 1919 2432 1970 'I‘n
2465 1934 2547 1981 es,
2580 1917 2830 1983 Domine,
2857 1933 2980 1986 spes
3010 1932 3161 1984 mea;
3195 1935 3213 1968 ι
3243 1927 3335 1970 et:
3375 1935 3392 1967 ι
3421 1918 3561 1970 Deus

1990 2023 2144 2063 meus
2182 2009 2553 2062 misericordia
2587 2023 2602 2075 ;
2641 2027 2658 2058 ›
2692 2015 2745 2063 et
2773 2009 2940 2061 multa
2963 2007 3177 2062 similia.
3204 2005 3320 2059 Non
3354 2015 3436 2060 est
3463 2021 3561 2060 au-

1989 2111 2094 2155 tem
2127 2101 2352 2164 dictum,
2384 2099 2630 2166 Domine,
2661 2099 2896 2154 charitas
2928 2114 3068 2164 mea,
3098 2109 3216 2165 aut,
3243 2098 3322 2151 Tu
3348 2113 3405 2151 es
3434 2097 3561 2150 cha-

1987 2193 2123 2248 ritas
2147 2207 2284 2251 mea,
2313 2199 2433 2256 aut,
2476 2190 2616 2244 Deus
2643 2191 2882 2258 citaritas
2913 2204 3069 2256 mea;
3103 2189 3194 2244 sed
3256 2188 3328 2241 ita
3358 2187 3560 2240 dictum

1988 2291 2120 2336 est:
2174 2299 2193 2331 ι
2234 2281 2374 2334 Deus
2429 2279 2667 2332 charitas
2717 2286 2835 2345 est,
2870 2296 2889 2328 ›
2956 2277 3101 2331 sicut
3160 2275 3362 2329 dictum
3419 2279 3502 2325 est
3543 2287 3558 2322 :

1991 2394 2016 2442 _¢
2041 2373 2183 2427 Deus
2219 2371 2458 2441 Spiritus
2486 2380 2585 2424 est.
2617 2389 2634 2420 ι
2673 2368 2784 2422 Hoc
2813 2369 2904 2437 qui
2940 2381 3046 2420 non
3081 2365 3366 2429 discernit,
3403 2361 3563 2416 intel-

1989 2465 2191 2520 lectum
2225 2480 2253 2518 a
2284 2463 2536 2525 Domino,
2569 2477 2673 2516 non
2705 2461 3101 2528 expositionem
3135 2464 3342 2528 quaerat
3375 2470 3405 2507 a
3464 2467 3561 2506 no-

1991 2557 2095 2611 bis.
2129 2555 2241 2609 Non
2302 2555 2445 2608 enim
2510 2554 2749 2620 apertius
2785 2551 3080 2620 quidquam
3135 2559 3424 2618 possumus
3479 2541 3564 2594 di-

1993 2662 2136 2701 cere.
2163 2646 2306 2700 Deus
2331 2659 2459 2712 ergo
2484 2643 2845 2698 cltaritas'est.
2894 2637 3089 2694 Utrum
3143 2645 3323 2691 autem
3378 2634 3581 2697 Pater,

321 2727 443 2782 ideo
467 2732 876 2797 requirendum,
917 2747 1095 2789 utrum
1126 2737 1264 2792 Deus
1295 2737 1454 2794 Pater
1500 2742 1570 2794 sit
1617 2743 1892 2808 Charitas,
1914 2728 1960 2787 Β
1989 2757 2056 2795 an
2088 2739 2281 2802 Filius,
2301 2754 2366 2792 an
2394 2736 2627 2807 Spiritus
2649 2741 2899 2796 sanctus,
2926 2732 3128 2805 anipsa
3149 2725 3560 2794 Trinitas,quia

321 2835 388 2870 an
425 2819 566 2874 Deus
598 2823 789 2885 Filius,
822 2839 889 2877 an
927 2825 1068 2880 Deus
1097 2827 1333 2895 Spiritus
1358 2842 1604 2896 sanetus,
1637 2850 1704 2887 an
1755 2835 1894 2889 Deus

323 2911 438 2976 ipsa
473 2909 733 2967 Trinitas.
763 2913 950 2983 Neque
975 2918 1118 2969 enim
1151 2918 1351 2972 dicturi
1383 2937 1595 2988 sumus,
1637 2939 1743 2977 non
1771 2941 1894 2994 pro-

322 3008 506 3067 pterea
529 3001 695 3057 Deum
721 3004 925 3058 dictum
955 3022 1078 3060 esse
1101 3008 1445 3076 citaritatem,
1469 3017 1612 3080 quod
1632 3014 1744 3082 ipsa
1766 3016 1894 3069 cha—

324 3093 461 3148 ritas
493 3095 636 3148 nulla
663 3097 968 3151 substantia
1023 3115 1143 3166 quae
1166 3100 1258 3154 Dei
1303 3101 1462 3172 digna
1524 3105 1594 3158 sit
1647 3107 1892 3173 nomine,

325 3188 596 3257 sedquod
635 3189 836 3243 donum
868 3191 960 3244 Dei
1018 3191 1110 3258 sit,
1167 3192 1312 3246 sicut
1365 3194 1570 3249 dictum
1625 3205 1708 3251 est
1760 3196 1890 3264 Deo,

883 3393 1134 3448 ΚΕΦΑΛ.
1193 3395 1293 3449 lZ'.

329 3526 470 3598 Περὶ
501 3526 606 3598 τοῦ
656 3528 828 3595 ἁγίου
859 3528 1228 3594 Πνεύματος,
1261 3530 1409 3598 ὅπερ
1453 3530 1534 3595 τῷ
1563 3533 1745 3594 Πατρὶ
1797 3534 1895 3588 καὶ

398 3594 480 3671 τῷ
504 3596 614 3660 Υἱῷ
636 3594 779 3671 ἴσως
798 3599 1187 3671 λαμϐάνεται,
1221 3599 1317 3651 καὶ
1344 3594 1630 3668 ἑκατέρου
1656 3604 1897 3671 Πνεῦμα

370 3666 660 3741 λέγεται,
687 3666 785 3741 agat
823 3667 900 3741 r5?)
928 3668 1039 3735 τῆς
1076 3667 1313 3741 ἀγάπης
1350 3666 1576 3741 {ociter
1619 3666 1889 3741 ὀνόματι,

396 3737 588 3810 καίτοι
622 3736 719 3810 καὶ
752 3735 1016 3810 meum;
1061 3737 1181 3790 τῶν
1204 3739 1272 3790 ἐν
1302 3738 1377 3807 τῇ
1431 3741 1629 3809 τριάδι
1660 3735 1895 3810 προσώέ

396 3823 527 3859 πων
557 3807 799 3875 ἀγάπης
824 3808 1020 3874 ὄντος.

401 3945 556 4007 ’Ἅλις
588 3946 684 4013 μὲν
715 3942 809 4000 οῦν
841 3952 967 4016 περὶ
998 3947 1213 4015 Πατρός
1248 3949 1345 4002 καὶ
1374 3950 1525 4015 Υἱοῦ,
1559 3953 1758 4005 ὁπόσον
1805 3951 1895 4004 διὰ

1997 2840 2046 2884 et
2079 2833 2195 2901 ipsa
2229 2844 2333 2884 non
2359 2839 2468 2883 tres
2499 2827 2596 2892 dii,
2625 2826 2718 2880 sed
2742 2819 2878 2879 unus
2904 2823 3067 2890 Deus,
3123 2821 3226 2875 ltoc
3277 2817 3560 2887 quaeritur.

1997 2923 2100 2978 Sed
2136 2922 2245 2990 jam
2276 2921 2330 2975 in
2363 2920 2465 2973 hoc
2498 2919 2638 2980 libro
2664 2918 2916 2985 superius
2970 2911 3266 2982 disputavi,
3323 2925 3428 2963 non
3483 2906 3565 2962 sic

1997 3013 2370 3085 accipiendam
2395 3027 2517 3067 esse
2559 3009 2900 3070 Trinitatem,
2960 3020 3082 3073 quas
3143 3003 3284 3057 Deus
3351 3008 3434 3055 est
3497 3013 3563 3050 ex

1996 3109 2102 3163 illis
2130 3108 2323 3171 tribus,
2356 3120 2475 3172 quae
2499 3104 2554 3157 in
2586 3101 2853 3156 Trinitate
2906 3107 3108 3153 nostra:
3141 3095 3341 3150 mentis
3381 3097 3566 3144 osten-

1997 3199 2198 3261 dimus,
2231 3206 2291 3250 ut
2325 3204 2581 3263 tanquam
2622 3190 2967 3245 memoriasit
2999 3187 3240 3242 omnium
3271 3183 3434 3238 trium
3466 3180 3566 3234 Pa-

2003 3400 2078 3470 μὴ
2135 3397 2222 3450 διὰ
2259 3395 2434 3448 ταῦτα
2490 3391 2714 3458 ἀγάπην
2766 3389 2854 3440 τὸν
2901 3385 3035 3456 Θεὸν
3067 3381 3342 3452 εἰρῆσθαι,
3389 3375 3556 3470 ὅτιμὴ

1996 3467 2184 3556 ἀγάπη
2215 3487 2314 3539 οὐκ
2345 3484 2493 3536 ἔστιν
2531 3484 2564 3550 ή
2611 3480 2770 3533 οὐσία
2815 3477 3022 3543 ἐκείνη.
3063 3476 3186 3544 ἥτις
3245 3473 3396 3524 ἐστὶν
3433 3467 3561 3532 ἀξία

1997 3580 2092 3635 τοῦ
2116 3580 2379 3647 ὀνόματος
2403 3576 2496 3627 τοῦ
2528 3571 2684 3633 Θεοῦ,
2711 3571 2826 3623 ἀλλ’
2846 3571 2926 3621 ὅτι
2947 3566 3118 3636 δῶρόν
3141 3566 3258 3616 ἐστι
3286 3562 3378 3614 τοῦ
3403 3559 3563 3617 Θεοῦ,

1998 3672 2186 3742 ὥσπερ
2208 3669 2423 3738 εἴρηται
2456 3665 2593 3734 πρὸς
2615 3664 2705 3715 τὸν
2736 3662 2891 3721 Θεὸν,
2918 3659 3000 3710 ὅτι
3029 3674 3047 3707 ‹
3079 3655 3153 3707 Σὺ
3180 3650 3228 3705 εἷ
3259 3655 3293 3723 η
3316 3651 3563 3750 ὑπομονῄ

2002 3779 2124 3832 μου.
2163 3779 2181 3812 ι
2229 3760 2300 3811 06
2337 3757 2446 3826 γὰρ
2474 3755 2689 3814 πάντως
2723 3753 2809 3804 διὰ
2844 3748 3018 3801 ταῦτα
3069 3747 3306 3816 εἴρηται,
3343 3743 3426 3796 ὅτι
3466 3743 3562 3832 τοῦ

1997 3828 2132 3905 Θεοῦ
2167 3853 2314 3905 ἐστιν
2343 3846 2502 3900 οὐσία
2534 3847 2567 3914 ἠ
2617 3842 2864 3911 ἡμετέρα
2889 3837 3161 3906 ὑπομονὴ,
3190 3835 3304 3888 ἀλλ’
3329 3837 3410 3888 ὅτι
3435 3828 3566 3900 παρ’

1999 3946 2210 4000 ἐκείνου
2243 3943 2378 4010 ἡμῖν
2405 3942 2555 3992 ἐστιν
2583 3953 2595 3966 ·
2628 3935 2819 3998 ὥσπερ
2858 3933 2953 3984 καὶ
3008 3927 3242 3999 ἀλλαχοῦ
3294 3925 3562 3992 ἀναγινὼ-

327 4036 482 4090 τοῦδε
513 4037 607 4088 τοῦ
642 4037 912 4107 ἐσόπτρου
960 4041 1050 4093 καὶ
1080 4041 1138 4091 ἐν
1170 4039 1304 4108 τῷδε
1335 4041 1412 4110 τῷ
1446 4041 1735 4111 αἰνίγματι
1769 4041 1896 4094 ἰδεῖν
1923 4062 1969 4123 ς
2003 4052 2230 4106 σκομεν,
2266 4034 2347 4086 ὅτι
2389 4051 2406 4083 ι
2438 4029 2577 4098 Παρ’
2607 4027 2771 4080 αὐτου
2803 4026 2832 4084 ἡ
2867 4025 3109 4123 ὑπομονη
3138 4033 3285 4123 ’μοις
3313 4031 3567 4123 ’Ἠταυτξὶν

322 4129 694 4198 ἠδυνήθημεν,
745 4130 1115 4198 διειλέγμεθα.
1167 4131 1301 4185 Νυνὶ
1352 4132 1409 4184 δὲ
1444 4133 1574 4202 περὶ
1602 4133 1696 4185 τοῦ
1734 4135 1892 4199 ἁγίου

326 4225 649 4294 Πνεύματος
673 4224 890 4290 ὁπόσον,
915 4225 1009 4278 τοῦ
1043 4226 1178 4278 Θεοῦ
1213 4227 1576 4297 χρηγοῦντος,
1602 4229 1737 4298 όρᾷν
1766 4245 1897 4295 συγ-

323 4314 676 4384 χωροῦμεθα,
709 4317 1076 4385 διασαφητέον
1107 4335 1118 4347 -
1158 4318 1232 4380 ὡς
1261 4319 1320 4370 τὸ
1364 4319 1590 4388 Πνεῦμα
1645 4321 1706 4372 τὸ
1739 4321 1895 4388 ἅγιον

325 4407 470 4456 κατὰ
513 4405 610 4467 τὰς
641 4406 794 4475 ἱερὰς
841 4408 1066 4476 Γραφάς
1100 4408 1221 4460 οὔτε
1256 4409 1350 4462 τοῦ
1393 4412 1610 4477 Πατρός
1644 4412 1762 4464 ἐστι
1803 4413 1900 4479 μό-

330 4514 444 4560 νου,
504 4494 628 4546 οὔτε
667 4497 756 4548 τοῦ
818 4499 948 4550 Υἱοῦ
989 4500 1177 4568 μόνου,
1215 4501 1333 4553 ἀλλ’
1365 4503 1569 4568 ἀμφοῖν
1595 4520 1610 4534 ο
1651 4502 1745 4554 καὶ
1809 4503 1899 4556 διὰ

329 4586 492 4638 τοῦτο
538 4589 725 4655 κοινὴν
760 4591 892 4655 ἡμῖν
927 4594 1024 4658 τὴν
1079 4592 1302 4660 ἀγάπην
1338 4593 1603 4657 διδάσκει,
1655 4594 1778 4646 καθ’
1832 4596 1899 4663 ἢν

333 4677 599 4747 ἀλλήλους
646 4681 673 4731 6
731 4682 921 4750 Πατὴρ
966 4685 1060 4734 καὶ
1110 4687 1136 4736 ό
1183 4685 1309 4746 Υἱὸς
1360 4688 1672 4752 ἀγαπῶσιν.
1708 4689 1825 4739 Ἵνα
1853 4687 1897 4738 δ’

331 4769 477 4835 ἡμᾶς
505 4770 532 4820 6
554 4769 697 4831 Οεῖος
725 4770 885 4837 λόγος
926 4773 1207 4844 γυμνάςῃ,
1231 4776 1333 4827 οὐκ
1380 4779 1457 4836 εἰς
1490 4777 1769 4846 προῦπτον
1791 4777 1898 4828 κεί-

336 4877 473 4927 μενα
504 4860 824 4929 πράγματα,
849 4863 964 4913 ἀλλ’
1008 4865 1067 4914 ἐν
1109 4866 1414 4934 ἀποκρύφῳ
1447 4867 1770 4936 ἐρευνητέα,
1808 4869 1902 4919 καὶ

330 4949 389 5013 ἐξ
438 4951 759 5020 ἀποκρύφου
791 4953 1105 5020 ἐξενεκτέα,
1147 4957 1358 5024 μείζονι
1412 4959 1585 5024 ἀγῶνι
1633 4959 1898 5026 πεποίηκε

333 5043 610 5112 ζητεῖσθαι
640 5062 652 5073 ⁸
701 5047 820 5098 οὐδὲ
856 5048 964 5117 γὰρ
996 5044 1154 5100 εἶπεν
1181 5053 1211 5117 ἠ
1241 5050 1453 5118 Γραφὴ,
1481 5050 1646 5102 ὅτιτὸ
1676 5049 1902 5118 Πνεῦμα

331 5140 392 5189 τὸ
438 5139 594 5205 ἆγιον
649 5141 840 5211 ἀγάπη
896 5143 1064 5196 ἐστίν.
1109 5143 1170 5194 Εἰ
1207 5144 1314 5211 γὰρ
1359 5143 1503 5195 τοῦτ’
1565 5145 1806 5212 εἴρηκεν,
1840 5145 1900 5197 οὐ

339 5233 535 5299 μικρὸν
570 5233 632 5284 ἂν
694 5233 860 5301 μέρος
907 5235 1164 5302 ἀφείλετο
1218 5236 1372 5288 τοῦδε
1415 5236 1506 5288 τοῦ
1563 5237 1898 5306 ζητήματος,

332 5323 446 5374 ὸ)λ’
468 5319 638 5388 εἶπεν,
666 5343 684 5374 ‹
721 5325 778 5375 Ὀ
801 5326 929 5387 Θεὸς
951 5325 1138 5396 ἀγάπη
1171 5330 1370 5389 ἐστὶν,›
1406 5329 1480 5390 ὡς
1512 5329 1708 5397 ἄδηλον
1742 5325 1899 5392 εἶναι,

2000 4133 2110 4201 γὰρ
2139 4129 2236 4198 τὴν
2258 4125 2470 4179 ἔννοιαν
2501 4121 2698 4194 ῥᾳδίως
2730 4114 3098 4185 ἀποκρούεται
3190 4111 3298 4162 τῶν
3331 4105 3566 4201 Γραφῶν

1998 4195 2206 4292 όμιλίαξ
2257 4215 2515 4269 Τοιοῦτον
2563 4216 2672 4280 γάρ
2724 4210 2842 4260 ἐστι
2878 4206 2960 4267 τὸ,
2998 4223 3016 4253 ι
3060 4204 3131 4255 Σὺ
3162 4200 3209 4253 εἷ
3261 4195 3566 4268 ἠὺπομονή

1977 4331 2126 4385 μου,
2165 4330 2183 4363 ι
2213 4308 2395 4363 ὁποῖόν
2437 4307 2552 4358 ἐστι
2585 4304 2666 4366 τὸ,
2706 4320 2724 4351 ι
2768 4301 2864 4364 Σὺ,
2906 4295 3162 4368 Κύριε,ή
3199 4293 3354 4385 ἐλπις
3387 4306 3510 4359 μου,
3543 4306 3562 4340 ι

2001 4383 2114 4468 παὶ,
2155 4422 2173 4455 ι
2196 4403 2258 4455 Ὀ
2283 4399 2414 4462 Θεός
2451 4415 2573 4467 μου,
2601 4395 2660 4447 τὸ
2687 4391 2834 4452 ἔλεός
2869 4407 2968 4458 μου
2993 4405 3006 4417 ο
3033 4406 3052 4438 ι
3081 4388 3173 4438 καὶ
3201 4383 3372 4435 πολλά
3392 4397 3568 4450 παρα-

2002 4497 2206 4566 πλήσιαι
2232 4511 2246 4525 ο
2279 4493 2380 4546 οὐκ
2429 4490 2644 4558 εἴρηται
2676 4486 2755 4546 δὲ,
2791 4482 2988 4549 Κύριε,
3019 4481 3052 4548 ἡ
3117 4478 3311 4544 ἀγάπη
3350 4489 3472 4542 μου,
3503 4470 3559 4536 ἦ,

2001 4595 2073 4647 Σὺ
2103 4587 2154 4644 εἷ
2181 4593 2214 4660 ἡ
2246 4589 2434 4657 ἀγάπη
2463 4604 2584 4656 μου,
2618 4585 2674 4654 ἢ,
2725 4581 2783 4634 Ὀ
2816 4581 2943 4641 Θεὸς
2998 4581 3032 4647 ἡ
3065 4577 3250 4644 ἀγάπη
3282 4591 3382 4642 μου
3410 4587 3424 4602 ·
3452 4569 3566 4657 ἀλλ’

2001 4685 2174 4746 οὕτως
2206 4681 2502 4753 εἰρημένον
2537 4680 2706 4740 ἐστὶν,
2763 4694 2780 4725 ι
2837 4673 2895 4725 '0
2944 4671 3077 4733 Θεὸς
3123 4669 3311 4736 ἀγάπη
3342 4667 3508 4725 ἐστὶν,
3543 4681 3560 4713 ι

2003 4781 2193 4849 ὥσπερ
2225 4779 2440 4845 εἴρηται
2477 4792 2495 4819 ο
2547 4773 2606 4825 '0
2645 4771 2777 4834 Θεὸς
2805 4768 3025 4836 πνεῦμά
3060 4768 3232 4817 ἐστιν.
3273 4782 3291 4813 ι
3341 4763 3400 4815 '0
3426 4761 3479 4812 δὲ
3505 4760 3568 4826 δὴ

2002 4873 2163 4925 τοῦτο
2199 4868 2274 4939 μὴ
2295 4865 2590 4935 διακρίνων
2624 4864 2811 4932 νόησιν
2844 4859 2995 4929 παρὰ
3044 4855 3273 4925 Κυρίου,
3308 4853 3444 4906 ἀλλά
3493 4850 3570 4918 μὴ

2003 4967 2267 5034 ἐξήγησιν
2310 4959 2443 5028 παρ’
2475 4958 2632 5026 ἡμῶν
2681 4955 2941 5021 ζητείτω.
2989 4951 3126 5004 Οὐδὲ
3152 4949 3259 5017 γὰρ
3321 4943 3570 5013 καθαρώ-

2003 5058 2162 5126 τερόν
2194 5073 2246 5106 τι
2271 5053 2454 5120 λέγειν
2492 5047 2789 5117 δυνάμεθα.
2831 5049 2889 5098 Ὀ
2916 5045 3048 5106 Θεὸς
3076 5042 3184 5111 ἄρα
3217 5040 3410 5106 ἀγάπη
3433 5035 3567 5090 ἐστί.

2005 5152 2242 5220 Πότερον
2277 5147 2333 5198 δὲ
2369 5145 2400 5215 ἢ
2455 5146 2482 5196 6
2518 5142 2726 5211 Πατὴρ,
2759 5141 2789 5210 ἢ
2828 5142 2855 5191 ὁ
2893 5137 3039 5198 Υἱὸς,
3074 5136 3104 5202 ἢ
3161 5134 3221 5186 τὸ
3259 5128 3482 5223 Πνεῦμα
3514 5127 3575 5223 τὸ

2006 5219 2182 5305 ἅγιον,
2217 5239 2248 5306 ἢ
2279 5235 2471 5303 αὑτὴὴ
2509 5234 2713 5301 Τριάς·
2762 5230 2857 5282 καὶ
2889 5229 2996 5297 γὰρ
3027 5225 3121 5278 καὶ
3153 5221 3292 5288 αὐτὴ
3323 5220 3382 5270 οῦ
3421 5219 3572 5306 τρεῖς

2007 5302 2141 5391 Οεοὶ,
2183 5302 2318 5381 ἀλλά
2373 5302 2504 5385 Θεός
2555 5323 2702 5374 ἐστιν
2736 5315 2813 5381 εἷς
2842 5334 2858 5350 ο
2894 5315 3052 5369 τοῦτο
3102 5312 3368 5381 ζητεῖται.
3429 5302 3571 5357 Ἀλλ’

329 5420 420 5467 καὶ
444 5416 533 5469 διὰ
566 5419 742 5470 ταῦτα
784 5418 1072 5487 ζητητέον,
1112 5394 1341 5489 πότερον
1369 5423 1395 5473 6
1425 5420 1558 5482 Θεὸς
1593 5394 1686 5472 παὶ
1711 5420 1900 5488 Πατὴρ
1929 5422 2108 5504 D1151,
2141 5422 2198 5473 ὲν
2253 5417 2390 5486 τῷδε
2441 5416 2520 5484 τῷ
2571 5411 2757 5483 βιϐλίῳ
2805 5394 3573 5504 ἀνωέἐριυὲδιείλεγμτξτᾍ

332 5509 520 5577 ἀγάπη
551 5510 722 5571 ἐστὶν,
754 5510 784 5570 ἢ
808 5513 834 5563 6
865 5511 998 5574 Θεὸς
1022 5513 1114 5565 καὶ
1140 5512 1286 5575 Υἱὸς,
1318 5512 1349 5580 ἢ
1386 5513 1413 5564 6
1436 5511 1568 5574 Θεὸς
1595 5511 1654 5563 τὸ
1680 5510 1901 5581 Πνεῦμα

281 5598 289 5607 ’
331 5596 391 5648 τὸ
420 5597 598 5663 ἅγιον,
628 5599 661 5668 ἢ
695 5600 721 5650 6
746 5598 878 5662 Θεὸς
907 5600 1046 5671 αὑτὴ
1084 5603 1116 5672 ή
1143 5601 1333 5672 Τριάς.
1370 5601 1504 5656 Οὐδὲ
1527 5601 1634 5672 γὰρ
1666 5601 1900 5672 ἐροῦμεν

401 5776 415 5810 ¹
455 5775 609 5832 Joan.
646 5790 717 5839 tv,
756 5775 842 5828 l6.

2008 5484 2151 5566 οὕτω
2179 5484 2376 5579 χρῆναι
2427 5505 2728 5574 λαμϐάνειν
2777 5500 2874 5570 τὴν
2922 5495 3154 5567 Τριάδα,
3205 5492 3326 5561 ἥτις
3363 5488 3390 5538 6
3433 5484 3567 5579 Θεός

2009 5605 2155 5655 ἐστιν
2181 5577 2387 5654 ἐπήτῶν
2437 5593 2604 5666 τριῶν
2643 5591 2890 5657 ἐκείνων,
2939 5588 3082 5658 άπερ
3132 5585 3190 5637 ἐν
3242 5585 3309 5654 τῇ
3353 5577 3568 5650 Τριάδι,
