  <div class='ocr_page' id='page_1' title='image "/cluster/home/n/w/nwhite01/storage/ocr_20150623/147/hvd.32044073502619/570.png"; bbox 0 0 3992 6210; ppageno 0'>
   <div class='ocr_carea' id='block_1_1' title="bbox 338 319 473 384">
    <p class='ocr_par' dir='ltr' id='par_1_1' title="bbox 338 319 473 384">
     <span class='ocr_line' id='line_1_1' title="bbox 338 319 473 384; baseline 0 -3"><span class='ocrx_word' id='word_1_1' title='bbox 338 319 473 384; x_wconf 77' lang='lat' dir='ltr'><strong>lll&#39;l</strong></span> 
     </span>
    </p>
   </div>
   <div class='ocr_carea' id='block_1_2' title="bbox 1222 322 2685 394">
    <p class='ocr_par' dir='ltr' id='par_1_2' title="bbox 1222 322 2685 394">
     <span class='ocr_line' id='line_1_2' title="bbox 1222 322 2685 394; baseline 0.01 -15"><span class='ocrx_word' id='word_1_2' title='bbox 1222 322 1641 387; x_wconf 61' lang='lat' dir='ltr'><strong>TRAVSLAT.</strong></span> <span class='ocrx_word' id='word_1_3' title='bbox 1677 325 1734 387; x_wconf 93' lang='lat' dir='ltr'><strong>S.</strong></span> <span class='ocrx_word' id='word_1_4' title='bbox 1780 327 2211 389; x_wconf 75' lang='lat' dir='ltr'><strong>AUGUSTINI</strong></span> <span class='ocrx_word' id='word_1_5' title='bbox 2264 332 2359 390; x_wconf 87' lang='lat' dir='ltr'><strong>DE</strong></span> <span class='ocrx_word' id='word_1_6' title='bbox 2388 330 2685 394; x_wconf 82' lang='lat' dir='ltr'><strong>TRINIT.</strong></span> 
     </span>
    </p>
   </div>
   <div class='ocr_carea' id='block_1_3' title="bbox 3431 331 3570 398">
    <p class='ocr_par' dir='ltr' id='par_1_3' title="bbox 3431 331 3570 398">
     <span class='ocr_line' id='line_1_3' title="bbox 3431 331 3570 398; baseline -0.029 0"><span class='ocrx_word' id='word_1_7' title='bbox 3431 331 3570 398; x_wconf 87' lang='lat'><strong>1118</strong></span> 
     </span>
    </p>
   </div>
   <div class='ocr_carea' id='block_1_4' title="bbox 333 431 3574 504">
    <p class='ocr_par' dir='ltr' id='par_1_4' title="bbox 333 431 3574 504">
     <span class='ocr_line' id='line_1_4' title="bbox 333 431 3574 504; baseline 0.002 -11"><span class='ocrx_word' id='word_1_8' title='bbox 333 452 421 493; x_wconf 88' lang='lat' dir='ltr'><strong>me</strong></span> <span class='ocrx_word' id='word_1_9' title='bbox 464 432 632 504; x_wconf 83' lang='lat' dir='ltr'><strong>gratis</strong></span> <span class='ocrx_word' id='word_1_10' title='bbox 659 431 682 466; x_wconf 86' lang='grc'><em>³</em></span> <span class='ocrx_word' id='word_1_11' title='bbox 721 450 734 486; x_wconf 85' lang='grc' dir='ltr'><strong>ι</strong></span> <span class='ocrx_word' id='word_1_12' title='bbox 774 450 791 484; x_wconf 82' lang='grc' dir='ltr'><strong>ι</strong></span> <span class='ocrx_word' id='word_1_13' title='bbox 831 446 951 485; x_wconf 90' lang='lat' dir='ltr'><strong>cum</strong></span> <span class='ocrx_word' id='word_1_14' title='bbox 1002 432 1105 486; x_wconf 88' lang='lat' dir='ltr'><strong>hoc</strong></span> <span class='ocrx_word' id='word_1_15' title='bbox 1154 431 1362 502; x_wconf 78' lang='lat' dir='ltr'><strong>legatur</strong></span> <span class='ocrx_word' id='word_1_16' title='bbox 1405 434 1459 488; x_wconf 91' lang='lat' dir='ltr'><strong>in</strong></span> <span class='ocrx_word' id='word_1_17' title='bbox 1505 432 1742 489; x_wconf 81' lang='lat' dir='ltr'><strong>Psalmo.</strong></span> <span class='ocrx_word' id='word_1_18' title='bbox 1790 435 1902 488; x_wconf 77' lang='grc' dir='ltr'><strong>Διί·</strong></span> <span class='ocrx_word' id='word_1_19' title='bbox 1934 441 1978 494; x_wconf 84' lang='lat' dir='ltr'><strong>A</strong></span> <span class='ocrx_word' id='word_1_20' title='bbox 2010 442 2391 498; x_wconf 77' lang='lat' dir='ltr'><strong>tmiversaliter</strong></span> <span class='ocrx_word' id='word_1_21' title='bbox 2422 443 2661 498; x_wconf 88' lang='lat' dir='ltr'><strong>charitas</strong></span> <span class='ocrx_word' id='word_1_22' title='bbox 2691 452 2745 498; x_wconf 89' lang='lat' dir='ltr'><strong>et</strong></span> <span class='ocrx_word' id='word_1_23' title='bbox 2770 444 2932 497; x_wconf 89' lang='lat' dir='ltr'><strong>Pater</strong></span> <span class='ocrx_word' id='word_1_24' title='bbox 2976 448 3029 496; x_wconf 89' lang='lat' dir='ltr'><strong>et</strong></span> <span class='ocrx_word' id='word_1_25' title='bbox 3066 443 3256 498; x_wconf 86' lang='lat' dir='ltr'><strong>Filius.</strong></span> <span class='ocrx_word' id='word_1_26' title='bbox 3317 443 3421 499; x_wconf 87' lang='lat' dir='ltr'><strong>Sed</strong></span> <span class='ocrx_word' id='word_1_27' title='bbox 3483 446 3574 500; x_wconf 79' lang='lat' dir='ltr'><strong>Dei</strong></span> 
     </span>
    </p>
   </div>
   <div class='ocr_carea' id='block_1_5' title="bbox 334 529 1902 602">
    <p class='ocr_par' dir='ltr' id='par_1_5' title="bbox 334 529 1902 602">
     <span class='ocr_line' id='line_1_5' title="bbox 334 529 1902 602; baseline -0.001 -16"><span class='ocrx_word' id='word_1_28' title='bbox 334 532 557 602; x_wconf 80' lang='lat' dir='ltr'><strong>quando</strong></span> <span class='ocrx_word' id='word_1_29' title='bbox 591 538 776 583; x_wconf 84' lang='lat' dir='ltr'><strong>autem</strong></span> <span class='ocrx_word' id='word_1_30' title='bbox 812 529 1029 598; x_wconf 76' lang='lat' dir='ltr'><strong>proprie</strong></span> <span class='ocrx_word' id='word_1_31' title='bbox 1057 539 1281 583; x_wconf 68' lang='lat' dir='ltr'><strong>vocatur</strong></span> <span class='ocrx_word' id='word_1_32' title='bbox 1307 530 1412 594; x_wconf 85' lang='lat' dir='ltr'><strong>lex,</strong></span> <span class='ocrx_word' id='word_1_33' title='bbox 1447 546 1567 599; x_wconf 77' lang='lat' dir='ltr'><strong>qua:</strong></span> <span class='ocrx_word' id='word_1_34' title='bbox 1622 531 1747 583; x_wconf 88' lang='lat' dir='ltr'><strong>data</strong></span> <span class='ocrx_word' id='word_1_35' title='bbox 1818 540 1902 585; x_wconf 88' lang='lat' dir='ltr'><strong>est</strong></span> 
     </span>
    </p>
   </div>
   <div class='ocr_carea' id='block_1_6' title="bbox 336 624 1905 693">
    <p class='ocr_par' dir='ltr' id='par_1_6' title="bbox 336 624 1905 693">
     <span class='ocr_line' id='line_1_6' title="bbox 336 624 1905 693; baseline 0.001 -20"><span class='ocrx_word' id='word_1_36' title='bbox 336 642 429 691; x_wconf 82' lang='lat' dir='ltr'><strong>per</strong></span> <span class='ocrx_word' id='word_1_37' title='bbox 454 626 672 693; x_wconf 77' lang='lat' dir='ltr'><strong>Moysen</strong></span> <span class='ocrx_word' id='word_1_38' title='bbox 706 624 1009 678; x_wconf 77' lang='lat' dir='ltr'><strong>secundum</strong></span> <span class='ocrx_word' id='word_1_39' title='bbox 1041 625 1184 692; x_wconf 88' lang='lat' dir='ltr'><strong>quod</strong></span> <span class='ocrx_word' id='word_1_40' title='bbox 1215 624 1421 678; x_wconf 89' lang='lat' dir='ltr'><strong>dictum</strong></span> <span class='ocrx_word' id='word_1_41' title='bbox 1460 635 1543 678; x_wconf 90' lang='lat' dir='ltr'><strong>est</strong></span> <span class='ocrx_word' id='word_1_42' title='bbox 1584 643 1597 678; x_wconf 90' lang='lat'>:</span> <span class='ocrx_word' id='word_1_43' title='bbox 1632 643 1649 675; x_wconf 81' lang='grc' dir='ltr'><strong>ι</strong></span> <span class='ocrx_word' id='word_1_44' title='bbox 1686 625 1794 677; x_wconf 90' lang='lat' dir='ltr'><strong>Lex</strong></span> <span class='ocrx_word' id='word_1_45' title='bbox 1852 632 1905 675; x_wconf 85' lang='lat' dir='ltr'><strong>et</strong></span> 
     </span>
    </p>
   </div>
   <div class='ocr_carea' id='block_1_7' title="bbox 337 715 1906 785">
    <p class='ocr_par' dir='ltr' id='par_1_7' title="bbox 337 715 1906 785">
     <span class='ocr_line' id='line_1_7' title="bbox 337 715 1906 785; baseline 0.002 -20"><span class='ocrx_word' id='word_1_46' title='bbox 337 717 612 785; x_wconf 74' lang='lat' dir='ltr'><strong>propheta:</strong></span> <span class='ocrx_word' id='word_1_47' title='bbox 646 731 817 783; x_wconf 89' lang='lat' dir='ltr'><strong>usque</strong></span> <span class='ocrx_word' id='word_1_48' title='bbox 860 718 924 769; x_wconf 86' lang='lat' dir='ltr'><strong>ad</strong></span> <span class='ocrx_word' id='word_1_49' title='bbox 955 715 1215 771; x_wconf 79' lang='lat' dir='ltr'><strong>Joannem</strong></span> <span class='ocrx_word' id='word_1_50' title='bbox 1244 718 1285 769; x_wconf 75' lang='grc'>⁵.</span> <span class='ocrx_word' id='word_1_51' title='bbox 1322 737 1340 769; x_wconf 76' lang='grc' dir='ltr'><strong>ι</strong></span> <span class='ocrx_word' id='word_1_52' title='bbox 1377 718 1438 770; x_wconf 81' lang='lat' dir='ltr'><strong>Et</strong></span> <span class='ocrx_word' id='word_1_53' title='bbox 1474 736 1487 771; x_wconf 91' lang='lat'><strong>:</strong></span> <span class='ocrx_word' id='word_1_54' title='bbox 1523 735 1540 766; x_wconf 78' lang='grc' dir='ltr'><strong>ι</strong></span> <span class='ocrx_word' id='word_1_55' title='bbox 1578 716 1631 769; x_wconf 92' lang='lat' dir='ltr'><strong>lu</strong></span> <span class='ocrx_word' id='word_1_56' title='bbox 1670 717 1753 769; x_wconf 86' lang='lat' dir='ltr'><strong>his</strong></span> <span class='ocrx_word' id='word_1_57' title='bbox 1777 715 1906 768; x_wconf 89' lang='lat' dir='ltr'><strong>duo-</strong></span> 
     </span>
    </p>
   </div>
   <div class='ocr_carea' id='block_1_8' title="bbox 338 807 1908 879">
    <p class='ocr_par' dir='ltr' id='par_1_8' title="bbox 338 807 1908 879">
     <span class='ocr_line' id='line_1_8' title="bbox 338 807 1908 879; baseline 0 -19"><span class='ocrx_word' id='word_1_58' title='bbox 338 808 439 861; x_wconf 94' lang='lat' dir='ltr'><strong>bus</strong></span> <span class='ocrx_word' id='word_1_59' title='bbox 462 809 751 877; x_wconf 64' lang='lat' dir='ltr'><strong>prmeeptis</strong></span> <span class='ocrx_word' id='word_1_60' title='bbox 779 816 892 862; x_wconf 89' lang='lat' dir='ltr'><strong>t0Ia</strong></span> <span class='ocrx_word' id='word_1_61' title='bbox 926 808 1009 862; x_wconf 88' lang='lat' dir='ltr'><strong>lex</strong></span> <span class='ocrx_word' id='word_1_62' title='bbox 1043 810 1244 877; x_wconf 88' lang='lat' dir='ltr'><strong>pendet</strong></span> <span class='ocrx_word' id='word_1_63' title='bbox 1274 818 1327 862; x_wconf 86' lang='lat' dir='ltr'><strong>et</strong></span> <span class='ocrx_word' id='word_1_64' title='bbox 1376 809 1654 879; x_wconf 62' lang='lat' dir='ltr'><strong>prophetae</strong></span> <span class='ocrx_word' id='word_1_65' title='bbox 1680 809 1721 861; x_wconf 83' lang='grc'><strong>⁸.</strong></span> <span class='ocrx_word' id='word_1_66' title='bbox 1755 824 1774 859; x_wconf 74' lang='grc' dir='ltr'><strong>ι</strong></span> <span class='ocrx_word' id='word_1_67' title='bbox 1810 807 1908 862; x_wconf 91' lang='lat' dir='ltr'><strong>llic</strong></span> 
     </span>
    </p>
   </div>
   <div class='ocr_carea' id='block_1_9' title="bbox 338 899 1907 971">
    <p class='ocr_par' dir='ltr' id='par_1_9' title="bbox 338 899 1907 971">
     <span class='ocr_line' id='line_1_9' title="bbox 338 899 1907 971; baseline 0.001 -22"><span class='ocrx_word' id='word_1_68' title='bbox 338 900 527 964; x_wconf 81' lang='lat' dir='ltr'><strong>utique</strong></span> <span class='ocrx_word' id='word_1_69' title='bbox 552 902 769 970; x_wconf 84' lang='lat' dir='ltr'><strong>proprie</strong></span> <span class='ocrx_word' id='word_1_70' title='bbox 800 899 879 953; x_wconf 85' lang='lat' dir='ltr'><strong>lex</strong></span> <span class='ocrx_word' id='word_1_71' title='bbox 946 900 1213 971; x_wconf 86' lang='lat' dir='ltr'><strong>appellata</strong></span> <span class='ocrx_word' id='word_1_72' title='bbox 1267 910 1349 955; x_wconf 89' lang='lat' dir='ltr'><strong>est</strong></span> <span class='ocrx_word' id='word_1_73' title='bbox 1395 902 1461 956; x_wconf 90' lang='lat' dir='ltr'><strong>de</strong></span> <span class='ocrx_word' id='word_1_74' title='bbox 1500 912 1680 955; x_wconf 88' lang='lat' dir='ltr'><strong>tnonte</strong></span> <span class='ocrx_word' id='word_1_75' title='bbox 1728 900 1855 953; x_wconf 86' lang='lat' dir='ltr'><strong>Sina</strong></span> <span class='ocrx_word' id='word_1_76' title='bbox 1890 914 1907 965; x_wconf 86' lang='lat'><strong>;</strong></span> 
     </span>
    </p>
   </div>
   <div class='ocr_carea' id='block_1_10' title="bbox 340 988 1907 1059">
    <p class='ocr_par' dir='ltr' id='par_1_10' title="bbox 340 988 1907 1059">
     <span class='ocr_line' id='line_1_10' title="bbox 340 988 1907 1059; baseline 0.002 -20"><span class='ocrx_word' id='word_1_77' title='bbox 340 988 722 1054; x_wconf 84' lang='lat' dir='ltr'><strong>prOpheIarntn</strong></span> <span class='ocrx_word' id='word_1_78' title='bbox 780 999 964 1043; x_wconf 81' lang='lat' dir='ltr'><strong>autem</strong></span> <span class='ocrx_word' id='word_1_79' title='bbox 1010 994 1228 1045; x_wconf 90' lang='lat' dir='ltr'><strong>nomine</strong></span> <span class='ocrx_word' id='word_1_80' title='bbox 1262 990 1424 1046; x_wconf 91' lang='lat' dir='ltr'><strong>etiam</strong></span> <span class='ocrx_word' id='word_1_81' title='bbox 1489 991 1678 1059; x_wconf 85' lang='lat' dir='ltr'><strong>psalmi</strong></span> <span class='ocrx_word' id='word_1_82' title='bbox 1736 990 1907 1058; x_wconf 77' lang='lat' dir='ltr'><strong>signi-</strong></span> 
     </span>
    </p>
   </div>
   <div class='ocr_carea' id='block_1_11' title="bbox 344 1079 1911 1153">
    <p class='ocr_par' dir='ltr' id='par_1_11' title="bbox 344 1079 1911 1153">
     <span class='ocr_line' id='line_1_11' title="bbox 344 1079 1911 1153; baseline 0.004 -22"><span class='ocrx_word' id='word_1_83' title='bbox 344 1079 487 1134; x_wconf 79' lang='lat' dir='ltr'><strong>ficati</strong></span> <span class='ocrx_word' id='word_1_84' title='bbox 512 1088 662 1143; x_wconf 90' lang='lat' dir='ltr'><strong>sunt,</strong></span> <span class='ocrx_word' id='word_1_85' title='bbox 684 1092 737 1135; x_wconf 89' lang='lat' dir='ltr'><strong>et</strong></span> <span class='ocrx_word' id='word_1_86' title='bbox 767 1094 944 1137; x_wconf 89' lang='lat' dir='ltr'><strong>tamen</strong></span> <span class='ocrx_word' id='word_1_87' title='bbox 968 1084 1216 1151; x_wconf 83' lang='lat' dir='ltr'><strong>alioloco</strong></span> <span class='ocrx_word' id='word_1_88' title='bbox 1250 1086 1365 1153; x_wconf 87' lang='lat' dir='ltr'><strong>ipse</strong></span> <span class='ocrx_word' id='word_1_89' title='bbox 1390 1086 1668 1138; x_wconf 80' lang='lat' dir='ltr'><strong>Salvator:</strong></span> <span class='ocrx_word' id='word_1_90' title='bbox 1697 1102 1713 1133; x_wconf 85' lang='grc' dir='ltr'><strong>ι</strong></span> <span class='ocrx_word' id='word_1_91' title='bbox 1740 1083 1911 1151; x_wconf 88' lang='lat' dir='ltr'><strong>Opor-</strong></span> 
     </span>
    </p>
   </div>
   <div class='ocr_carea' id='block_1_12' title="bbox 345 1174 1906 1245">
    <p class='ocr_par' dir='ltr' id='par_1_12' title="bbox 345 1174 1906 1245">
     <span class='ocr_line' id='line_1_12' title="bbox 345 1174 1906 1245; baseline 0.002 -19"><span class='ocrx_word' id='word_1_92' title='bbox 345 1174 506 1235; x_wconf 84' lang='lat' dir='ltr'><strong>tebat,</strong></span> <span class='ocrx_word' id='word_1_93' title='bbox 542 1175 738 1243; x_wconf 92' lang='lat' dir='ltr'><strong>inquit,</strong></span> <span class='ocrx_word' id='word_1_94' title='bbox 772 1176 983 1245; x_wconf 85' lang='lat' dir='ltr'><strong>impleri</strong></span> <span class='ocrx_word' id='word_1_95' title='bbox 1014 1179 1215 1237; x_wconf 83' lang='lat' dir='ltr'><strong>omnia,</strong></span> <span class='ocrx_word' id='word_1_96' title='bbox 1253 1193 1374 1245; x_wconf 77' lang='lat' dir='ltr'><strong>quae</strong></span> <span class='ocrx_word' id='word_1_97' title='bbox 1402 1179 1603 1245; x_wconf 89' lang='lat' dir='ltr'><strong>scripta</strong></span> <span class='ocrx_word' id='word_1_98' title='bbox 1676 1188 1800 1229; x_wconf 91' lang='lat' dir='ltr'><strong>sunt</strong></span> <span class='ocrx_word' id='word_1_99' title='bbox 1854 1178 1906 1229; x_wconf 93' lang='lat' dir='ltr'><strong>in</strong></span> 
     </span>
    </p>
   </div>
   <div class='ocr_carea' id='block_1_13' title="bbox 342 1265 1911 1334">
    <p class='ocr_par' dir='ltr' id='par_1_13' title="bbox 342 1265 1911 1334">
     <span class='ocr_line' id='line_1_13' title="bbox 342 1265 1911 1334; baseline 0.002 -20"><span class='ocrx_word' id='word_1_100' title='bbox 342 1266 477 1333; x_wconf 72' lang='lat' dir='ltr'><strong>lege,</strong></span> <span class='ocrx_word' id='word_1_101' title='bbox 507 1274 557 1317; x_wconf 88' lang='lat' dir='ltr'><strong>et</strong></span> <span class='ocrx_word' id='word_1_102' title='bbox 592 1265 890 1333; x_wconf 79' lang='lat' dir='ltr'><strong>prophetis,</strong></span> <span class='ocrx_word' id='word_1_103' title='bbox 922 1277 976 1319; x_wconf 91' lang='lat' dir='ltr'><strong>et</strong></span> <span class='ocrx_word' id='word_1_104' title='bbox 1009 1267 1229 1334; x_wconf 81' lang='lat' dir='ltr'><strong>psalmis</strong></span> <span class='ocrx_word' id='word_1_105' title='bbox 1264 1267 1332 1320; x_wconf 92' lang='lat' dir='ltr'><strong>de</strong></span> <span class='ocrx_word' id='word_1_106' title='bbox 1364 1281 1449 1319; x_wconf 88' lang='lat' dir='ltr'><strong>tne</strong></span> <span class='ocrx_word' id='word_1_107' title='bbox 1476 1266 1519 1318; x_wconf 81' lang='grc'>⁸.</span> <span class='ocrx_word' id='word_1_108' title='bbox 1554 1286 1572 1317; x_wconf 74' lang='grc' dir='ltr'><strong>ι</strong></span> <span class='ocrx_word' id='word_1_109' title='bbox 1600 1267 1696 1318; x_wconf 83' lang='lat' dir='ltr'><strong>ilic</strong></span> <span class='ocrx_word' id='word_1_110' title='bbox 1722 1280 1911 1317; x_wconf 87' lang='lat' dir='ltr'><strong>rursus</strong></span> 
     </span>
    </p>
   </div>
   <div class='ocr_carea' id='block_1_14' title="bbox 344 1356 1910 1426">
    <p class='ocr_par' dir='ltr' id='par_1_14' title="bbox 344 1356 1910 1426">
     <span class='ocr_line' id='line_1_14' title="bbox 344 1356 1910 1426; baseline -0.001 -17"><span class='ocrx_word' id='word_1_111' title='bbox 344 1358 727 1424; x_wconf 85' lang='lat' dir='ltr'><strong>prophetarum</strong></span> <span class='ocrx_word' id='word_1_112' title='bbox 757 1373 979 1421; x_wconf 89' lang='lat' dir='ltr'><strong>nomen,</strong></span> <span class='ocrx_word' id='word_1_113' title='bbox 1008 1359 1254 1426; x_wconf 80' lang='lat' dir='ltr'><strong>exceptis</strong></span> <span class='ocrx_word' id='word_1_114' title='bbox 1287 1358 1533 1423; x_wconf 90' lang='lat' dir='ltr'><strong>psalmis,</strong></span> <span class='ocrx_word' id='word_1_115' title='bbox 1562 1356 1787 1417; x_wconf 70' lang='lat' dir='ltr'><strong>intelligi</strong></span> <span class='ocrx_word' id='word_1_116' title='bbox 1812 1372 1910 1408; x_wconf 76' lang='lat' dir='ltr'><strong>vo-</strong></span> 
     </span>
    </p>
   </div>
   <div class='ocr_carea' id='block_1_15' title="bbox 344 1434 1912 1517">
    <p class='ocr_par' dir='ltr' id='par_1_15' title="bbox 344 1434 1912 1517">
     <span class='ocr_line' id='line_1_15' title="bbox 344 1434 1912 1517; baseline 0.003 -18"><span class='ocrx_word' id='word_1_117' title='bbox 344 1446 466 1502; x_wconf 86' lang='lat' dir='ltr'><strong>luit.</strong></span> <span class='ocrx_word' id='word_1_118' title='bbox 498 1446 707 1501; x_wconf 83' lang='lat' dir='ltr'><strong>Dicitur</strong></span> <span class='ocrx_word' id='word_1_119' title='bbox 740 1462 868 1517; x_wconf 71' lang='lat' dir='ltr'><strong>ergo</strong></span> <span class='ocrx_word' id='word_1_120' title='bbox 896 1434 980 1501; x_wconf 84' lang='lat' dir='ltr'><strong>lex</strong></span> <span class='ocrx_word' id='word_1_121' title='bbox 1009 1449 1392 1502; x_wconf 83' lang='lat' dir='ltr'><strong>universaliter</strong></span> <span class='ocrx_word' id='word_1_122' title='bbox 1450 1464 1573 1501; x_wconf 87' lang='lat' dir='ltr'><strong>cum</strong></span> <span class='ocrx_word' id='word_1_123' title='bbox 1634 1449 1912 1515; x_wconf 82' lang='lat' dir='ltr'><strong>prophetis</strong></span> 
     </span>
    </p>
   </div>
   <div class='ocr_carea' id='block_1_16' title="bbox 343 1539 1909 1610">
    <p class='ocr_par' dir='ltr' id='par_1_16' title="bbox 343 1539 1909 1610">
     <span class='ocr_line' id='line_1_16' title="bbox 343 1539 1909 1610; baseline -0.001 -16"><span class='ocrx_word' id='word_1_124' title='bbox 343 1548 397 1594; x_wconf 93' lang='lat' dir='ltr'><strong>et</strong></span> <span class='ocrx_word' id='word_1_125' title='bbox 426 1540 654 1609; x_wconf 82' lang='lat' dir='ltr'><strong>psalmis</strong></span> <span class='ocrx_word' id='word_1_126' title='bbox 694 1540 940 1607; x_wconf 91' lang='lat' dir='ltr'><strong>;dicitur</strong></span> <span class='ocrx_word' id='word_1_127' title='bbox 968 1552 1023 1595; x_wconf 91' lang='lat' dir='ltr'><strong>et</strong></span> <span class='ocrx_word' id='word_1_128' title='bbox 1069 1541 1309 1610; x_wconf 87' lang='lat' dir='ltr'><strong>proprie,</strong></span> <span class='ocrx_word' id='word_1_129' title='bbox 1374 1556 1497 1610; x_wconf 67' lang='lat' dir='ltr'><strong>quae</strong></span> <span class='ocrx_word' id='word_1_130' title='bbox 1547 1555 1639 1608; x_wconf 89' lang='lat' dir='ltr'><strong>per</strong></span> <span class='ocrx_word' id='word_1_131' title='bbox 1691 1539 1909 1610; x_wconf 79' lang='lat' dir='ltr'><strong>Moysen</strong></span> 
     </span>
    </p>
   </div>
   <div class='ocr_carea' id='block_1_17' title="bbox 342 1631 1911 1701">
    <p class='ocr_par' dir='ltr' id='par_1_17' title="bbox 342 1631 1911 1701">
     <span class='ocr_line' id='line_1_17' title="bbox 342 1631 1911 1701; baseline 0.002 -18"><span class='ocrx_word' id='word_1_132' title='bbox 342 1632 467 1685; x_wconf 84' lang='lat' dir='ltr'><strong>data</strong></span> <span class='ocrx_word' id='word_1_133' title='bbox 500 1643 605 1687; x_wconf 89' lang='lat' dir='ltr'><strong>est.</strong></span> <span class='ocrx_word' id='word_1_134' title='bbox 629 1631 757 1686; x_wconf 90' lang='lat' dir='ltr'><strong>Item</strong></span> <span class='ocrx_word' id='word_1_135' title='bbox 783 1634 1041 1687; x_wconf 91' lang='lat' dir='ltr'><strong>dicuntur</strong></span> <span class='ocrx_word' id='word_1_136' title='bbox 1061 1634 1431 1689; x_wconf 77' lang='lat' dir='ltr'><strong>communiter</strong></span> <span class='ocrx_word' id='word_1_137' title='bbox 1455 1634 1729 1701; x_wconf 81' lang='lat' dir='ltr'><strong>pr0phct:c</strong></span> <span class='ocrx_word' id='word_1_138' title='bbox 1752 1633 1911 1688; x_wconf 86' lang='lat' dir='ltr'><strong>simul</strong></span> 
     </span>
    </p>
   </div>
   <div class='ocr_carea' id='block_1_18' title="bbox 344 1724 1911 1795">
    <p class='ocr_par' dir='ltr' id='par_1_18' title="bbox 344 1724 1911 1795">
     <span class='ocr_line' id='line_1_18' title="bbox 344 1724 1911 1795; baseline 0.001 -20"><span class='ocrx_word' id='word_1_139' title='bbox 344 1738 466 1775; x_wconf 85' lang='lat' dir='ltr'><strong>cum</strong></span> <span class='ocrx_word' id='word_1_140' title='bbox 504 1724 752 1793; x_wconf 83' lang='lat' dir='ltr'><strong>psalmis,</strong></span> <span class='ocrx_word' id='word_1_141' title='bbox 809 1727 1063 1779; x_wconf 90' lang='lat' dir='ltr'><strong>dicuntur</strong></span> <span class='ocrx_word' id='word_1_142' title='bbox 1087 1735 1138 1778; x_wconf 91' lang='lat' dir='ltr'><strong>et</strong></span> <span class='ocrx_word' id='word_1_143' title='bbox 1173 1726 1393 1794; x_wconf 88' lang='lat' dir='ltr'><strong>proprie</strong></span> <span class='ocrx_word' id='word_1_144' title='bbox 1423 1736 1620 1795; x_wconf 67' lang='lat' dir='ltr'><strong>praeter</strong></span> <span class='ocrx_word' id='word_1_145' title='bbox 1653 1725 1911 1793; x_wconf 80' lang='lat' dir='ltr'><strong>psalmos.</strong></span> 
     </span>
    </p>
   </div>
   <div class='ocr_carea' id='block_1_19' title="bbox 348 1815 1905 1893">
    <p class='ocr_par' dir='ltr' id='par_1_19' title="bbox 348 1815 1905 1893">
     <span class='ocr_line' id='line_1_19' title="bbox 348 1815 1905 1893; baseline 0 -26"><span class='ocrx_word' id='word_1_146' title='bbox 348 1817 413 1868; x_wconf 65' lang='lat' dir='ltr'><strong>lit</strong></span> <span class='ocrx_word' id='word_1_147' title='bbox 448 1818 630 1869; x_wconf 87' lang='lat' dir='ltr'><strong>multis</strong></span> <span class='ocrx_word' id='word_1_148' title='bbox 685 1815 808 1870; x_wconf 90' lang='lat' dir='ltr'><strong>aliis</strong></span> <span class='ocrx_word' id='word_1_149' title='bbox 842 1818 1105 1885; x_wconf 86' lang='lat' dir='ltr'><strong>exemplis</strong></span> <span class='ocrx_word' id='word_1_150' title='bbox 1154 1817 1337 1893; x_wconf 81' lang='lat' dir='ltr'><strong>doceri</strong></span> <span class='ocrx_word' id='word_1_151' title='bbox 1393 1826 1570 1885; x_wconf 86' lang='lat' dir='ltr'><strong>potest</strong></span> <span class='ocrx_word' id='word_1_152' title='bbox 1616 1816 1905 1869; x_wconf 90' lang='lat' dir='ltr'><strong>multarum</strong></span> 
     </span>
    </p>
   </div>
   <div class='ocr_carea' id='block_1_20' title="bbox 350 1906 1910 1974">
    <p class='ocr_par' dir='ltr' id='par_1_20' title="bbox 350 1906 1910 1974">
     <span class='ocr_line' id='line_1_20' title="bbox 350 1906 1910 1974; baseline 0.001 -18"><span class='ocrx_word' id='word_1_153' title='bbox 350 1921 529 1959; x_wconf 80' lang='lat' dir='ltr'><strong>rerum</strong></span> <span class='ocrx_word' id='word_1_154' title='bbox 584 1907 842 1959; x_wconf 80' lang='lat' dir='ltr'><strong>vocabula</strong></span> <span class='ocrx_word' id='word_1_155' title='bbox 887 1916 936 1960; x_wconf 92' lang='lat' dir='ltr'><strong>et</strong></span> <span class='ocrx_word' id='word_1_156' title='bbox 971 1907 1351 1961; x_wconf 66' lang='lat' dir='ltr'><strong>nniversaliter</strong></span> <span class='ocrx_word' id='word_1_157' title='bbox 1392 1906 1540 1974; x_wconf 87' lang='lat' dir='ltr'><strong>poni,</strong></span> <span class='ocrx_word' id='word_1_158' title='bbox 1588 1916 1642 1959; x_wconf 92' lang='lat' dir='ltr'><strong>ct</strong></span> <span class='ocrx_word' id='word_1_159' title='bbox 1696 1906 1910 1973; x_wconf 87' lang='lat' dir='ltr'><strong>proprie</strong></span> 
     </span>
    </p>
   </div>
   <div class='ocr_carea' id='block_1_21' title="bbox 345 1995 1907 2068">
    <p class='ocr_par' dir='ltr' id='par_1_21' title="bbox 345 1995 1907 2068">
     <span class='ocr_line' id='line_1_21' title="bbox 345 1995 1907 2068; baseline 0 -19"><span class='ocrx_word' id='word_1_160' title='bbox 345 1995 670 2065; x_wconf 85' lang='lat' dir='ltr'><strong>quibusdam</strong></span> <span class='ocrx_word' id='word_1_161' title='bbox 702 1999 862 2051; x_wconf 80' lang='lat' dir='ltr'><strong>rebus</strong></span> <span class='ocrx_word' id='word_1_162' title='bbox 895 1998 1160 2063; x_wconf 82' lang='lat' dir='ltr'><strong>adhiberi,</strong></span> <span class='ocrx_word' id='word_1_163' title='bbox 1194 2000 1294 2053; x_wconf 91' lang='lat' dir='ltr'><strong>nisi</strong></span> <span class='ocrx_word' id='word_1_164' title='bbox 1319 2001 1370 2052; x_wconf 93' lang='lat' dir='ltr'><strong>in</strong></span> <span class='ocrx_word' id='word_1_165' title='bbox 1393 2016 1451 2053; x_wconf 89' lang='lat' dir='ltr'><strong>re</strong></span> <span class='ocrx_word' id='word_1_166' title='bbox 1476 2009 1663 2068; x_wconf 90' lang='lat' dir='ltr'><strong>aperta</strong></span> <span class='ocrx_word' id='word_1_167' title='bbox 1688 1998 1907 2051; x_wconf 64' lang='lat' dir='ltr'><strong>Vitanda</strong></span> 
     </span>
    </p>
   </div>
   <div class='ocr_carea' id='block_1_22' title="bbox 346 2085 1908 2156">
    <p class='ocr_par' dir='ltr' id='par_1_22' title="bbox 346 2085 1908 2156">
     <span class='ocr_line' id='line_1_22' title="bbox 346 2085 1908 2156; baseline 0.002 -17"><span class='ocrx_word' id='word_1_168' title='bbox 346 2087 417 2140; x_wconf 80' lang='lat' dir='ltr'><strong>sit</strong></span> <span class='ocrx_word' id='word_1_169' title='bbox 450 2085 729 2154; x_wconf 80' lang='lat' dir='ltr'><strong>longitudo</strong></span> <span class='ocrx_word' id='word_1_170' title='bbox 755 2088 1043 2142; x_wconf 85' lang='lat' dir='ltr'><strong>sermonis.</strong></span> <span class='ocrx_word' id='word_1_171' title='bbox 1066 2088 1189 2142; x_wconf 59' lang='lat' dir='ltr'><strong>llam</strong></span> <span class='ocrx_word' id='word_1_172' title='bbox 1220 2089 1341 2143; x_wconf 89' lang='lat' dir='ltr'><strong>ideo</strong></span> <span class='ocrx_word' id='word_1_173' title='bbox 1372 2090 1507 2151; x_wconf 84' lang='lat' dir='ltr'><strong>dixi,</strong></span> <span class='ocrx_word' id='word_1_174' title='bbox 1533 2106 1596 2141; x_wconf 90' lang='lat' dir='ltr'><strong>nc</strong></span> <span class='ocrx_word' id='word_1_175' title='bbox 1618 2089 1908 2156; x_wconf 73' lang='lat' dir='ltr'><strong>quisquam</strong></span> 
     </span>
    </p>
   </div>
   <div class='ocr_carea' id='block_1_23' title="bbox 348 2178 1909 2244">
    <p class='ocr_par' dir='ltr' id='par_1_23' title="bbox 348 2178 1909 2244">
     <span class='ocr_line' id='line_1_23' title="bbox 348 2178 1909 2244; baseline 0.003 -17"><span class='ocrx_word' id='word_1_176' title='bbox 348 2185 631 2244; x_wconf 74' lang='lat' dir='ltr'><strong>pu-Opterea</strong></span> <span class='ocrx_word' id='word_1_177' title='bbox 663 2193 764 2230; x_wconf 92' lang='lat' dir='ltr'><strong>nos</strong></span> <span class='ocrx_word' id='word_1_178' title='bbox 806 2178 1254 2233; x_wconf 70' lang='lat' dir='ltr'><strong>inconvenienter</strong></span> <span class='ocrx_word' id='word_1_179' title='bbox 1284 2181 1562 2234; x_wconf 77' lang='lat' dir='ltr'><strong>existimes</strong></span> <span class='ocrx_word' id='word_1_180' title='bbox 1591 2181 1909 2232; x_wconf 81' lang='lat' dir='ltr'><strong>rharitatetn</strong></span> 
     </span>
    </p>
   </div>
   <div class='ocr_carea' id='block_1_24' title="bbox 349 2268 1913 2337">
    <p class='ocr_par' dir='ltr' id='par_1_24' title="bbox 349 2268 1913 2337">
     <span class='ocr_line' id='line_1_24' title="bbox 349 2268 1913 2337; baseline 0 -16"><span class='ocrx_word' id='word_1_181' title='bbox 349 2268 624 2336; x_wconf 87' lang='lat' dir='ltr'><strong>appellare</strong></span> <span class='ocrx_word' id='word_1_182' title='bbox 664 2268 928 2337; x_wconf 85' lang='lat' dir='ltr'><strong>Spiritum</strong></span> <span class='ocrx_word' id='word_1_183' title='bbox 987 2274 1416 2337; x_wconf 80' lang='lat' dir='ltr'><strong>sanctum,quiu</strong></span> <span class='ocrx_word' id='word_1_184' title='bbox 1447 2279 1498 2323; x_wconf 85' lang='lat' dir='ltr'><strong>et</strong></span> <span class='ocrx_word' id='word_1_185' title='bbox 1557 2271 1699 2323; x_wconf 75' lang='lat' dir='ltr'><strong>Deus</strong></span> <span class='ocrx_word' id='word_1_186' title='bbox 1754 2270 1913 2323; x_wconf 82' lang='lat' dir='ltr'><strong>Pater</strong></span> 
     </span>
    </p>
   </div>
   <div class='ocr_carea' id='block_1_25' title="bbox 349 2358 1914 2429">
    <p class='ocr_par' dir='ltr' id='par_1_25' title="bbox 349 2358 1914 2429">
     <span class='ocr_line' id='line_1_25' title="bbox 349 2358 1914 2429; baseline 0.001 -16"><span class='ocrx_word' id='word_1_187' title='bbox 349 2368 404 2413; x_wconf 91' lang='lat' dir='ltr'><strong>ct</strong></span> <span class='ocrx_word' id='word_1_188' title='bbox 453 2358 594 2411; x_wconf 88' lang='lat' dir='ltr'><strong>Deus</strong></span> <span class='ocrx_word' id='word_1_189' title='bbox 635 2359 805 2415; x_wconf 82' lang='lat' dir='ltr'><strong>Filius</strong></span> <span class='ocrx_word' id='word_1_190' title='bbox 862 2370 1040 2428; x_wconf 88' lang='lat' dir='ltr'><strong>potest</strong></span> <span class='ocrx_word' id='word_1_191' title='bbox 1085 2364 1324 2417; x_wconf 84' lang='lat' dir='ltr'><strong>charitas</strong></span> <span class='ocrx_word' id='word_1_192' title='bbox 1380 2364 1705 2429; x_wconf 85' lang='lat' dir='ltr'><strong>nuneupari.</strong></span> <span class='ocrx_word' id='word_1_193' title='bbox 1763 2361 1914 2415; x_wconf 74' lang='lat' dir='ltr'><strong>Sicut</strong></span> 
     </span>
    </p>
   </div>
   <div class='ocr_carea' id='block_1_26' title="bbox 348 2452 1914 2523">
    <p class='ocr_par' dir='ltr' id='par_1_26' title="bbox 348 2452 1914 2523">
     <span class='ocr_line' id='line_1_26' title="bbox 348 2452 1914 2523; baseline 0.001 -17"><span class='ocrx_word' id='word_1_194' title='bbox 348 2466 481 2517; x_wconf 69' lang='lat' dir='ltr'><strong>ergo</strong></span> <span class='ocrx_word' id='word_1_195' title='bbox 513 2452 731 2505; x_wconf 76' lang='lat' dir='ltr'><strong>llllit&#39;lltll</strong></span> <span class='ocrx_word' id='word_1_196' title='bbox 763 2454 852 2507; x_wconf 86' lang='lat' dir='ltr'><strong>Dei</strong></span> <span class='ocrx_word' id='word_1_197' title='bbox 884 2453 1119 2507; x_wconf 80' lang='lat' dir='ltr'><strong>Verbum</strong></span> <span class='ocrx_word' id='word_1_198' title='bbox 1156 2456 1373 2523; x_wconf 81' lang='lat' dir='ltr'><strong>proprie</strong></span> <span class='ocrx_word' id='word_1_199' title='bbox 1406 2471 1666 2507; x_wconf 77' lang='lat' dir='ltr'><strong>vocamus</strong></span> <span class='ocrx_word' id='word_1_200' title='bbox 1692 2456 1914 2507; x_wconf 87' lang='lat' dir='ltr'><strong>nomine</strong></span> 
     </span>
    </p>
   </div>
   <div class='ocr_carea' id='block_1_27' title="bbox 350 2543 1913 2610">
    <p class='ocr_par' dir='ltr' id='par_1_27' title="bbox 350 2543 1913 2610">
     <span class='ocr_line' id='line_1_27' title="bbox 350 2543 1913 2610; baseline 0.002 -16"><span class='ocrx_word' id='word_1_201' title='bbox 350 2543 650 2607; x_wconf 67' lang='lat' dir='ltr'><strong>sapientiae.</strong></span> <span class='ocrx_word' id='word_1_202' title='bbox 673 2559 794 2595; x_wconf 84' lang='lat' dir='ltr'><strong>rnnt</strong></span> <span class='ocrx_word' id='word_1_203' title='bbox 820 2544 891 2597; x_wconf 91' lang='lat' dir='ltr'><strong>sit</strong></span> <span class='ocrx_word' id='word_1_204' title='bbox 926 2545 1301 2597; x_wconf 72' lang='lat' dir='ltr'><strong>ttniversaliter</strong></span> <span class='ocrx_word' id='word_1_205' title='bbox 1329 2555 1379 2596; x_wconf 89' lang='lat' dir='ltr'><strong>et</strong></span> <span class='ocrx_word' id='word_1_206' title='bbox 1410 2544 1647 2610; x_wconf 83' lang='lat' dir='ltr'><strong>Spiritus</strong></span> <span class='ocrx_word' id='word_1_207' title='bbox 1692 2554 1913 2597; x_wconf 70' lang='lat' dir='ltr'><strong>sanctus</strong></span> 
     </span>
    </p>
   </div>
   <div class='ocr_carea' id='block_1_28' title="bbox 350 2624 1919 2701">
    <p class='ocr_par' dir='ltr' id='par_1_28' title="bbox 350 2624 1919 2701">
     <span class='ocr_line' id='line_1_28' title="bbox 350 2624 1919 2701; baseline 0.004 -22"><span class='ocrx_word' id='word_1_208' title='bbox 350 2638 404 2679; x_wconf 92' lang='lat' dir='ltr'><strong>et</strong></span> <span class='ocrx_word' id='word_1_209' title='bbox 436 2624 598 2679; x_wconf 89' lang='lat' dir='ltr'><strong>Pater</strong></span> <span class='ocrx_word' id='word_1_210' title='bbox 630 2628 743 2695; x_wconf 81' lang='lat' dir='ltr'><strong>ipsa</strong></span> <span class='ocrx_word' id='word_1_211' title='bbox 780 2629 1053 2697; x_wconf 76' lang='lat' dir='ltr'><strong>Sapientia</strong></span> <span class='ocrx_word' id='word_1_212' title='bbox 1085 2648 1097 2683; x_wconf 74' lang='grc' dir='ltr'><strong>ι</strong></span> <span class='ocrx_word' id='word_1_213' title='bbox 1128 2632 1198 2683; x_wconf 89' lang='lat' dir='ltr'><strong>ita</strong></span> <span class='ocrx_word' id='word_1_214' title='bbox 1248 2631 1488 2701; x_wconf 83' lang='lat' dir='ltr'><strong>Spiritus</strong></span> <span class='ocrx_word' id='word_1_215' title='bbox 1522 2644 1743 2687; x_wconf 58' lang='lat' dir='ltr'><strong>sanctus</strong></span> <span class='ocrx_word' id='word_1_216' title='bbox 1791 2649 1919 2700; x_wconf 85' lang='lat' dir='ltr'><strong>pro-</strong></span> 
     </span>
    </p>
   </div>
   <div class='ocr_carea' id='block_1_29' title="bbox 351 2718 1917 2788">
    <p class='ocr_par' dir='ltr' id='par_1_29' title="bbox 351 2718 1917 2788">
     <span class='ocr_line' id='line_1_29' title="bbox 351 2718 1917 2788; baseline 0.005 -19"><span class='ocrx_word' id='word_1_217' title='bbox 351 2718 470 2786; x_wconf 86' lang='lat' dir='ltr'><strong>prie</strong></span> <span class='ocrx_word' id='word_1_218' title='bbox 540 2729 894 2788; x_wconf 89' lang='lat' dir='ltr'><strong>nuncupatur</strong></span> <span class='ocrx_word' id='word_1_219' title='bbox 968 2723 1234 2774; x_wconf 79' lang='lat' dir='ltr'><strong>vocabulo</strong></span> <span class='ocrx_word' id='word_1_220' title='bbox 1294 2723 1603 2786; x_wconf 83' lang='lat' dir='ltr'><strong>charitatis,</strong></span> <span class='ocrx_word' id='word_1_221' title='bbox 1662 2739 1785 2776; x_wconf 89' lang='lat' dir='ltr'><strong>cum</strong></span> <span class='ocrx_word' id='word_1_222' title='bbox 1846 2727 1917 2777; x_wconf 89' lang='lat' dir='ltr'><strong>sit</strong></span> 
     </span>
    </p>
   </div>
   <div class='ocr_carea' id='block_1_30' title="bbox 355 2897 1915 2971">
    <p class='ocr_par' dir='ltr' id='par_1_30' title="bbox 355 2897 1915 2971">
     <span class='ocr_line' id='line_1_30' title="bbox 355 2897 1915 2971; baseline 0.004 -22"><span class='ocrx_word' id='word_1_223' title='bbox 355 2898 533 2951; x_wconf 85' lang='grc' dir='ltr'>πάντα</span> <span class='ocrx_word' id='word_1_224' title='bbox 558 2897 627 2950; x_wconf 76' lang='grc' dir='ltr'><strong>τά</strong></span> <span class='ocrx_word' id='word_1_225' title='bbox 659 2899 758 2968; x_wconf 88' lang='grc' dir='ltr'><strong>τῆς</strong></span> <span class='ocrx_word' id='word_1_226' title='bbox 784 2900 1040 2961; x_wconf 62' lang='grc' dir='ltr'>παλαιᾶςκ</span> <span class='ocrx_word' id='word_1_227' title='bbox 1056 2901 1148 2953; x_wconf 69' lang='grc' dir='ltr'>καὶ</span> <span class='ocrx_word' id='word_1_228' title='bbox 1181 2901 1332 2963; x_wconf 82' lang='grc' dir='ltr'>θείας</span> <span class='ocrx_word' id='word_1_229' title='bbox 1377 2902 1601 2971; x_wconf 70' lang='grc' dir='ltr'>Γραφῆς</span> <span class='ocrx_word' id='word_1_230' title='bbox 1629 2902 1915 2967; x_wconf 75' lang='grc' dir='ltr'><strong>δηλοῦνται</strong></span> 
     </span>
    </p>
   </div>
   <div class='ocr_carea' id='block_1_31' title="bbox 344 2989 1920 3063">
    <p class='ocr_par' dir='ltr' id='par_1_31' title="bbox 344 2989 1920 3063">
     <span class='ocr_line' id='line_1_31' title="bbox 344 2989 1920 3063; baseline 0.004 -23"><span class='ocrx_word' id='word_1_231' title='bbox 344 2989 546 3055; x_wconf 75' lang='grc' dir='ltr'>λόγια·</span> <span class='ocrx_word' id='word_1_232' title='bbox 578 2990 804 3061; x_wconf 78' lang='grc' dir='ltr'>καὶγὰρ</span> <span class='ocrx_word' id='word_1_233' title='bbox 832 2992 896 3043; x_wconf 79' lang='grc' dir='ltr'>ὲκ</span> <span class='ocrx_word' id='word_1_234' title='bbox 936 2992 1035 3059; x_wconf 82' lang='grc' dir='ltr'><strong>τῆς</strong></span> <span class='ocrx_word' id='word_1_235' title='bbox 1074 2993 1299 3059; x_wconf 84' lang='grc' dir='ltr'>Γραφῆς</span> <span class='ocrx_word' id='word_1_236' title='bbox 1324 2994 1418 3045; x_wconf 88' lang='grc' dir='ltr'><strong>τοῦ</strong></span> <span class='ocrx_word' id='word_1_237' title='bbox 1461 2994 1685 3047; x_wconf 83' lang='grc' dir='ltr'>Ἡσαΐου</span> <span class='ocrx_word' id='word_1_238' title='bbox 1713 3013 1920 3063; x_wconf 81' lang='grc' dir='ltr'>μαρτυ-</span> 
     </span>
    </p>
   </div>
   <div class='ocr_carea' id='block_1_32' title="bbox 356 3082 1993 3179">
    <p class='ocr_par' dir='ltr' id='par_1_32' title="bbox 356 3082 1993 3179">
     <span class='ocr_line' id='line_1_32' title="bbox 356 3082 1993 3179; baseline 0.004 -44"><span class='ocrx_word' id='word_1_239' title='bbox 356 3082 685 3153; x_wconf 73' lang='grc' dir='ltr'>ρίανοτιθεὶς</span> <span class='ocrx_word' id='word_1_240' title='bbox 737 3084 766 3135; x_wconf 88' lang='lat'><strong>6</strong></span> <span class='ocrx_word' id='word_1_241' title='bbox 808 3084 1133 3143; x_wconf 82' lang='grc' dir='ltr'>’Δπόστολος</span> <span class='ocrx_word' id='word_1_242' title='bbox 1188 3085 1315 3137; x_wconf 76' lang='grc' dir='ltr'>ἔνθα</span> <span class='ocrx_word' id='word_1_243' title='bbox 1375 3090 1562 3155; x_wconf 67' lang='grc' dir='ltr'>φησὶν,</span> <span class='ocrx_word' id='word_1_244' title='bbox 1618 3106 1637 3139; x_wconf 83' lang='grc' dir='ltr'><strong>ι</strong></span> <span class='ocrx_word' id='word_1_245' title='bbox 1690 3088 1776 3140; x_wconf 77' lang='grc' dir='ltr'>Ἕν</span> <span class='ocrx_word' id='word_1_246' title='bbox 1805 3089 1993 3179; x_wconf 70' lang='lat' dir='ltr'><strong>éte-C</strong></span> 
     </span>
    </p>
   </div>
   <div class='ocr_carea' id='block_1_33' title="bbox 356 3175 1923 3251">
    <p class='ocr_par' dir='ltr' id='par_1_33' title="bbox 356 3175 1923 3251">
     <span class='ocr_line' id='line_1_33' title="bbox 356 3175 1923 3251; baseline 0.003 -22"><span class='ocrx_word' id='word_1_247' title='bbox 356 3175 694 3247; x_wconf 80' lang='grc' dir='ltr'>ρογλώσσαις</span> <span class='ocrx_word' id='word_1_248' title='bbox 726 3176 821 3229; x_wconf 80' lang='grc' dir='ltr'>καὶ</span> <span class='ocrx_word' id='word_1_249' title='bbox 848 3178 907 3227; x_wconf 76' lang='grc' dir='ltr'>ὲν</span> <span class='ocrx_word' id='word_1_250' title='bbox 934 3178 1172 3246; x_wconf 87' lang='grc' dir='ltr'>χείλεσιν</span> <span class='ocrx_word' id='word_1_251' title='bbox 1208 3178 1421 3247; x_wconf 80' lang='grc' dir='ltr'>ἑτέροις</span> <span class='ocrx_word' id='word_1_252' title='bbox 1453 3179 1675 3249; x_wconf 84' lang='grc' dir='ltr'>λαλήσω</span> <span class='ocrx_word' id='word_1_253' title='bbox 1709 3180 1785 3249; x_wconf 82' lang='grc' dir='ltr'>τῷ</span> <span class='ocrx_word' id='word_1_254' title='bbox 1806 3179 1923 3251; x_wconf 87' lang='grc' dir='ltr'>λαῷ</span> 
     </span>
    </p>
   </div>
   <div class='ocr_carea' id='block_1_34' title="bbox 352 3266 1923 3341">
    <p class='ocr_par' dir='ltr' id='par_1_34' title="bbox 352 3266 1923 3341">
     <span class='ocr_line' id='line_1_34' title="bbox 352 3266 1923 3341; baseline 0.002 -19"><span class='ocrx_word' id='word_1_255' title='bbox 352 3269 565 3339; x_wconf 83' lang='grc' dir='ltr'>τούτῳ,</span> <span class='ocrx_word' id='word_1_256' title='bbox 611 3286 629 3319; x_wconf 84' lang='grc'>›</span> <span class='ocrx_word' id='word_1_257' title='bbox 694 3266 1008 3339; x_wconf 77' lang='grc' dir='ltr'>προῦθηκεν</span> <span class='ocrx_word' id='word_1_258' title='bbox 1034 3269 1206 3336; x_wconf 87' lang='grc' dir='ltr'>ὅμως,</span> <span class='ocrx_word' id='word_1_259' title='bbox 1247 3287 1264 3319; x_wconf 82' lang='grc' dir='ltr'><strong>ι</strong></span> <span class='ocrx_word' id='word_1_260' title='bbox 1312 3270 1400 3322; x_wconf 82' lang='grc' dir='ltr'>Ἐν</span> <span class='ocrx_word' id='word_1_261' title='bbox 1430 3270 1505 3338; x_wconf 81' lang='grc' dir='ltr'><strong>τῶ</strong></span> <span class='ocrx_word' id='word_1_262' title='bbox 1545 3272 1692 3339; x_wconf 84' lang='grc' dir='ltr'>νόμῳ</span> <span class='ocrx_word' id='word_1_263' title='bbox 1718 3274 1923 3341; x_wconf 81' lang='grc' dir='ltr'>γέγρα-</span> 
     </span>
    </p>
   </div>
   <div class='ocr_carea' id='block_1_35' title="bbox 356 3360 1923 3433">
    <p class='ocr_par' dir='ltr' id='par_1_35' title="bbox 356 3360 1923 3433">
     <span class='ocr_line' id='line_1_35' title="bbox 356 3360 1923 3433; baseline 0.001 -19"><span class='ocrx_word' id='word_1_264' title='bbox 356 3378 511 3415; x_wconf 88' lang='grc' dir='ltr'>πται.</span> <span class='ocrx_word' id='word_1_265' title='bbox 552 3380 571 3412; x_wconf 69' lang='grc' dir='ltr'><strong>ι</strong></span> <span class='ocrx_word' id='word_1_266' title='bbox 632 3362 741 3413; x_wconf 74' lang='grc' dir='ltr'><strong>Καὶ</strong></span> <span class='ocrx_word' id='word_1_267' title='bbox 776 3361 941 3423; x_wconf 85' lang='grc' dir='ltr'>αὐτὸς</span> <span class='ocrx_word' id='word_1_268' title='bbox 983 3360 1039 3413; x_wconf 83' lang='grc' dir='ltr'>δὲ</span> <span class='ocrx_word' id='word_1_269' title='bbox 1068 3364 1096 3413; x_wconf 98' lang='lat'><strong>6</strong></span> <span class='ocrx_word' id='word_1_270' title='bbox 1143 3360 1374 3430; x_wconf 76' lang='grc' dir='ltr'>Κὺριος,</span> <span class='ocrx_word' id='word_1_271' title='bbox 1412 3381 1429 3413; x_wconf 80' lang='grc' dir='ltr'><strong>ι</strong></span> <span class='ocrx_word' id='word_1_272' title='bbox 1484 3363 1572 3415; x_wconf 88' lang='grc' dir='ltr'>Ἐν</span> <span class='ocrx_word' id='word_1_273' title='bbox 1618 3363 1694 3432; x_wconf 83' lang='grc' dir='ltr'><strong>τῷ</strong></span> <span class='ocrx_word' id='word_1_274' title='bbox 1754 3365 1923 3433; x_wconf 86' lang='grc' dir='ltr'>νόμῳ,</span> 
     </span>
    </p>
   </div>
   <div class='ocr_carea' id='block_1_36' title="bbox 357 3453 1924 3523">
    <p class='ocr_par' dir='ltr' id='par_1_36' title="bbox 357 3453 1924 3523">
     <span class='ocr_line' id='line_1_36' title="bbox 357 3453 1924 3523; baseline 0.003 -18"><span class='ocrx_word' id='word_1_275' title='bbox 357 3453 545 3520; x_wconf 71' lang='grc' dir='ltr'>φησὶν,</span> <span class='ocrx_word' id='word_1_276' title='bbox 601 3454 780 3505; x_wconf 83' lang='grc' dir='ltr'>αὐτῶν</span> <span class='ocrx_word' id='word_1_277' title='bbox 828 3453 1162 3519; x_wconf 84' lang='grc' dir='ltr'>γέγραπται,</span> <span class='ocrx_word' id='word_1_278' title='bbox 1202 3454 1308 3513; x_wconf 83' lang='grc' dir='ltr'>ὅτι,</span> <span class='ocrx_word' id='word_1_279' title='bbox 1364 3454 1665 3521; x_wconf 74' lang='grc' dir='ltr'><strong>Ἐμίσησάν</strong></span> <span class='ocrx_word' id='word_1_280' title='bbox 1716 3472 1784 3523; x_wconf 91' lang='grc' dir='ltr'><strong>με</strong></span> <span class='ocrx_word' id='word_1_281' title='bbox 1821 3456 1924 3509; x_wconf 88' lang='grc' dir='ltr'><strong>δω-</strong></span> 
     </span>
    </p>
   </div>
   <div class='ocr_carea' id='block_1_37' title="bbox 362 3544 1925 3617">
    <p class='ocr_par' dir='ltr' id='par_1_37' title="bbox 362 3544 1925 3617">
     <span class='ocr_line' id='line_1_37' title="bbox 362 3544 1925 3617; baseline 0.003 -21"><span class='ocrx_word' id='word_1_282' title='bbox 362 3546 514 3615; x_wconf 77' lang='grc' dir='ltr'>ρεὰν,</span> <span class='ocrx_word' id='word_1_283' title='bbox 581 3563 599 3596; x_wconf 75' lang='grc' dir='ltr'><strong>ι</strong></span> <span class='ocrx_word' id='word_1_284' title='bbox 660 3544 837 3598; x_wconf 90' lang='grc' dir='ltr'>καίτοι</span> <span class='ocrx_word' id='word_1_285' title='bbox 898 3544 1093 3597; x_wconf 82' lang='grc' dir='ltr'>τούτου</span> <span class='ocrx_word' id='word_1_286' title='bbox 1154 3545 1673 3611; x_wconf 82' lang='grc' dir='ltr'>ἀναγινωσκομένου</span> <span class='ocrx_word' id='word_1_287' title='bbox 1733 3548 1789 3598; x_wconf 83' lang='grc' dir='ltr'>ὲν</span> <span class='ocrx_word' id='word_1_288' title='bbox 1847 3546 1925 3617; x_wconf 82' lang='grc' dir='ltr'>τῷ</span> 
     </span>
    </p>
   </div>
   <div class='ocr_carea' id='block_1_38' title="bbox 359 3636 1926 3706">
    <p class='ocr_par' dir='ltr' id='par_1_38' title="bbox 359 3636 1926 3706">
     <span class='ocr_line' id='line_1_38' title="bbox 359 3636 1926 3706; baseline 0.003 -17"><span class='ocrx_word' id='word_1_289' title='bbox 359 3636 582 3706; x_wconf 77' lang='grc' dir='ltr'>ψαλμῷ.</span> <span class='ocrx_word' id='word_1_290' title='bbox 628 3637 829 3689; x_wconf 86' lang='grc' dir='ltr'>Ἐνίοτε</span> <span class='ocrx_word' id='word_1_291' title='bbox 854 3638 909 3689; x_wconf 83' lang='grc' dir='ltr'><strong>δὲ</strong></span> <span class='ocrx_word' id='word_1_292' title='bbox 946 3637 1109 3700; x_wconf 87' lang='grc' dir='ltr'>νόμος</span> <span class='ocrx_word' id='word_1_293' title='bbox 1141 3638 1347 3703; x_wconf 85' lang='grc' dir='ltr'>κυρίως</span> <span class='ocrx_word' id='word_1_294' title='bbox 1375 3637 1729 3690; x_wconf 86' lang='grc' dir='ltr'>καλεῖταιδιά</span> <span class='ocrx_word' id='word_1_295' title='bbox 1759 3640 1926 3693; x_wconf 82' lang='grc' dir='ltr'><strong>Μωῦ-</strong></span> 
     </span>
    </p>
   </div>
   <div class='ocr_carea' id='block_1_39' title="bbox 360 3726 1927 3799">
    <p class='ocr_par' dir='ltr' id='par_1_39' title="bbox 360 3726 1927 3799">
     <span class='ocr_line' id='line_1_39' title="bbox 360 3726 1927 3799; baseline 0.002 -19"><span class='ocrx_word' id='word_1_296' title='bbox 360 3728 519 3793; x_wconf 84' lang='grc' dir='ltr'>σέως,</span> <span class='ocrx_word' id='word_1_297' title='bbox 550 3728 690 3782; x_wconf 88' lang='grc' dir='ltr'><strong>κατά</strong></span> <span class='ocrx_word' id='word_1_298' title='bbox 716 3728 776 3781; x_wconf 90' lang='grc' dir='ltr'><strong>τὸ</strong></span> <span class='ocrx_word' id='word_1_299' title='bbox 804 3727 985 3797; x_wconf 72' lang='grc' dir='ltr'>ῥηθὲν,</span> <span class='ocrx_word' id='word_1_300' title='bbox 1016 3746 1033 3778; x_wconf 85' lang='grc' dir='ltr'><strong>ι</strong></span> <span class='ocrx_word' id='word_1_301' title='bbox 1060 3726 1116 3779; x_wconf 88' lang='lat'><strong>&#39;0</strong></span> <span class='ocrx_word' id='word_1_302' title='bbox 1138 3728 1297 3794; x_wconf 87' lang='grc' dir='ltr'>νόμος</span> <span class='ocrx_word' id='word_1_303' title='bbox 1320 3730 1412 3779; x_wconf 72' lang='grc' dir='ltr'>καὶ</span> <span class='ocrx_word' id='word_1_304' title='bbox 1438 3730 1487 3780; x_wconf 76' lang='grc' dir='ltr'>οἱ</span> <span class='ocrx_word' id='word_1_305' title='bbox 1510 3731 1786 3799; x_wconf 82' lang='grc' dir='ltr'>προφῆται</span> <span class='ocrx_word' id='word_1_306' title='bbox 1820 3731 1927 3794; x_wconf 83' lang='grc' dir='ltr'>ἓως</span> 
     </span>
    </p>
   </div>
   <div class='ocr_carea' id='block_1_40' title="bbox 372 3817 1927 3882">
    <p class='ocr_par' dir='ltr' id='par_1_40' title="bbox 372 3817 1927 3882">
     <span class='ocr_line' id='line_1_40' title="bbox 372 3817 1927 3882; baseline 0 -10"><span class='ocrx_word' id='word_1_307' title='bbox 372 3820 643 3873; x_wconf 83' lang='grc' dir='ltr'><strong>Ἰωάννου.</strong></span> <span class='ocrx_word' id='word_1_308' title='bbox 671 3838 700 3873; x_wconf 75' lang='lat' dir='ltr'><strong>r</strong></span> <span class='ocrx_word' id='word_1_309' title='bbox 737 3820 876 3872; x_wconf 85' lang='grc' dir='ltr'>Καί·</span> <span class='ocrx_word' id='word_1_310' title='bbox 918 3838 935 3869; x_wconf 83' lang='grc' dir='ltr'><strong>ι</strong></span> <span class='ocrx_word' id='word_1_311' title='bbox 974 3819 1066 3869; x_wconf 83' lang='grc' dir='ltr'>Ἐν</span> <span class='ocrx_word' id='word_1_312' title='bbox 1106 3817 1329 3880; x_wconf 78' lang='grc' dir='ltr'><strong>ταύταις</strong></span> <span class='ocrx_word' id='word_1_313' title='bbox 1354 3820 1468 3879; x_wconf 81' lang='grc' dir='ltr'>ταῖς</span> <span class='ocrx_word' id='word_1_314' title='bbox 1509 3819 1657 3871; x_wconf 73' lang='grc' dir='ltr'>δυσὶν</span> <span class='ocrx_word' id='word_1_315' title='bbox 1688 3818 1927 3882; x_wconf 75' lang='grc' dir='ltr'><strong>ἐντολαῖς</strong></span> 
     </span>
    </p>
   </div>
   <div class='ocr_carea' id='block_1_41' title="bbox 359 3910 1926 3981">
    <p class='ocr_par' dir='ltr' id='par_1_41' title="bbox 359 3910 1926 3981">
     <span class='ocr_line' id='line_1_41' title="bbox 359 3910 1926 3981; baseline 0 -17"><span class='ocrx_word' id='word_1_316' title='bbox 359 3912 479 3974; x_wconf 85' lang='grc' dir='ltr'>ὅλος</span> <span class='ocrx_word' id='word_1_317' title='bbox 502 3914 527 3964; x_wconf 93' lang='lat'><strong>6</strong></span> <span class='ocrx_word' id='word_1_318' title='bbox 549 3912 711 3980; x_wconf 86' lang='grc' dir='ltr'>νόμος</span> <span class='ocrx_word' id='word_1_319' title='bbox 743 3911 835 3963; x_wconf 73' lang='grc' dir='ltr'>καὶ</span> <span class='ocrx_word' id='word_1_320' title='bbox 863 3911 911 3964; x_wconf 84' lang='grc' dir='ltr'>οἱ</span> <span class='ocrx_word' id='word_1_321' title='bbox 942 3911 1221 3981; x_wconf 74' lang='grc' dir='ltr'><strong>προφῆται</strong></span> <span class='ocrx_word' id='word_1_322' title='bbox 1253 3912 1581 3979; x_wconf 79' lang='grc' dir='ltr'><strong>κρέμανται.</strong></span> <span class='ocrx_word' id='word_1_323' title='bbox 1614 3929 1630 3964; x_wconf 77' lang='grc' dir='ltr'><strong>ι</strong></span> <span class='ocrx_word' id='word_1_324' title='bbox 1663 3910 1926 3965; x_wconf 80' lang='grc' dir='ltr'>Ἐνταῦθα</span> 
     </span>
    </p>
   </div>
   <div class='ocr_carea' id='block_1_42' title="bbox 359 4002 1924 4074">
    <p class='ocr_par' dir='ltr' id='par_1_42' title="bbox 359 4002 1924 4074">
     <span class='ocr_line' id='line_1_42' title="bbox 359 4002 1924 4074; baseline 0 -18"><span class='ocrx_word' id='word_1_325' title='bbox 359 4006 466 4074; x_wconf 77' lang='grc' dir='ltr'><strong>γάρ</strong></span> <span class='ocrx_word' id='word_1_326' title='bbox 496 4004 713 4066; x_wconf 88' lang='grc' dir='ltr'>πάντως</span> <span class='ocrx_word' id='word_1_327' title='bbox 746 4002 909 4071; x_wconf 83' lang='grc' dir='ltr'>νόμος</span> <span class='ocrx_word' id='word_1_328' title='bbox 938 4002 1141 4071; x_wconf 78' lang='grc' dir='ltr'><strong>κυρίως</strong></span> <span class='ocrx_word' id='word_1_329' title='bbox 1171 4002 1640 4071; x_wconf 77' lang='grc' dir='ltr'><strong>προσαγορεύεται</strong></span> <span class='ocrx_word' id='word_1_330' title='bbox 1675 4006 1702 4056; x_wconf 90' lang='lat'><strong>6</strong></span> <span class='ocrx_word' id='word_1_331' title='bbox 1732 4006 1794 4054; x_wconf 86' lang='grc' dir='ltr'><strong>ἐκ</strong></span> <span class='ocrx_word' id='word_1_332' title='bbox 1836 4004 1924 4056; x_wconf 88' lang='grc' dir='ltr'><strong>τοῦ</strong></span> 
     </span>
    </p>
   </div>
   <div class='ocr_carea' id='block_1_43' title="bbox 361 4095 1926 4167">
    <p class='ocr_par' dir='ltr' id='par_1_43' title="bbox 361 4095 1926 4167">
     <span class='ocr_line' id='line_1_43' title="bbox 361 4095 1926 4167; baseline 0.001 -17"><span class='ocrx_word' id='word_1_333' title='bbox 361 4098 521 4167; x_wconf 76' lang='grc' dir='ltr'>ὅρους</span> <span class='ocrx_word' id='word_1_334' title='bbox 566 4098 731 4162; x_wconf 76' lang='grc' dir='ltr'>Σινά,</span> <span class='ocrx_word' id='word_1_335' title='bbox 777 4095 854 4164; x_wconf 81' lang='grc' dir='ltr'><strong>τῷ</strong></span> <span class='ocrx_word' id='word_1_336' title='bbox 901 4096 1009 4148; x_wconf 91' lang='grc' dir='ltr'><strong>τῶν</strong></span> <span class='ocrx_word' id='word_1_337' title='bbox 1045 4095 1342 4164; x_wconf 83' lang='grc' dir='ltr'>προφητῶν</span> <span class='ocrx_word' id='word_1_338' title='bbox 1382 4096 1438 4148; x_wconf 79' lang='grc' dir='ltr'><strong>δὲ</strong></span> <span class='ocrx_word' id='word_1_339' title='bbox 1479 4098 1705 4165; x_wconf 89' lang='grc' dir='ltr'>όνόματι</span> <span class='ocrx_word' id='word_1_340' title='bbox 1742 4098 1835 4150; x_wconf 75' lang='grc' dir='ltr'>καὶ</span> <span class='ocrx_word' id='word_1_341' title='bbox 1876 4100 1926 4151; x_wconf 81' lang='grc' dir='ltr'>οἱ</span> 
     </span>
    </p>
   </div>
   <div class='ocr_carea' id='block_1_44' title="bbox 362 4188 1928 4259">
    <p class='ocr_par' dir='ltr' id='par_1_44' title="bbox 362 4188 1928 4259">
     <span class='ocr_line' id='line_1_44' title="bbox 362 4188 1928 4259; baseline -0.001 -16"><span class='ocrx_word' id='word_1_342' title='bbox 362 4191 569 4259; x_wconf 73' lang='grc' dir='ltr'>ψαλμοὶ</span> <span class='ocrx_word' id='word_1_343' title='bbox 615 4189 991 4257; x_wconf 77' lang='grc' dir='ltr'><strong>σημαίνονται.</strong></span> <span class='ocrx_word' id='word_1_344' title='bbox 1023 4188 1112 4239; x_wconf 82' lang='grc' dir='ltr'>Ἐν</span> <span class='ocrx_word' id='word_1_345' title='bbox 1139 4188 1309 4256; x_wconf 81' lang='grc' dir='ltr'>ἑτέρῳ</span> <span class='ocrx_word' id='word_1_346' title='bbox 1334 4189 1515 4255; x_wconf 82' lang='grc' dir='ltr'>μέντοι</span> <span class='ocrx_word' id='word_1_347' title='bbox 1538 4188 1696 4256; x_wconf 82' lang='grc' dir='ltr'>τύπῳ</span> <span class='ocrx_word' id='word_1_348' title='bbox 1720 4190 1878 4251; x_wconf 72' lang='grc' dir='ltr'>αὐτὸς</span> <span class='ocrx_word' id='word_1_349' title='bbox 1900 4192 1928 4243; x_wconf 93' lang='lat'><strong>6</strong></span> 
     </span>
    </p>
   </div>
   <div class='ocr_carea' id='block_1_45' title="bbox 362 4279 1929 4352">
    <p class='ocr_par' dir='ltr' id='par_1_45' title="bbox 362 4279 1929 4352">
     <span class='ocr_line' id='line_1_45' title="bbox 362 4279 1929 4352; baseline -0.001 -16"><span class='ocrx_word' id='word_1_350' title='bbox 362 4286 572 4351; x_wconf 71' lang='grc' dir='ltr'>Σωτὴρ,</span> <span class='ocrx_word' id='word_1_351' title='bbox 597 4302 615 4333; x_wconf 78' lang='grc' dir='ltr'><strong>ι</strong></span> <span class='ocrx_word' id='word_1_352' title='bbox 638 4282 805 4343; x_wconf 88' lang='grc' dir='ltr'>Ἐδει,</span> <span class='ocrx_word' id='word_1_353' title='bbox 839 4300 857 4331; x_wconf 72' lang='grc' dir='ltr'><strong>ι</strong></span> <span class='ocrx_word' id='word_1_354' title='bbox 893 4282 1044 4349; x_wconf 80' lang='grc' dir='ltr'>φησὶ,</span> <span class='ocrx_word' id='word_1_355' title='bbox 1084 4298 1101 4331; x_wconf 85' lang='grc' dir='ltr'><strong>ι</strong></span> <span class='ocrx_word' id='word_1_356' title='bbox 1153 4279 1505 4348; x_wconf 70' lang='grc' dir='ltr'><strong>πληρωθῆναι</strong></span> <span class='ocrx_word' id='word_1_357' title='bbox 1552 4282 1731 4335; x_wconf 87' lang='grc' dir='ltr'>πάντα</span> <span class='ocrx_word' id='word_1_358' title='bbox 1746 4283 1813 4335; x_wconf 79' lang='grc' dir='ltr'>τὰ</span> <span class='ocrx_word' id='word_1_359' title='bbox 1835 4300 1929 4352; x_wconf 90' lang='grc' dir='ltr'>γε-</span> 
     </span>
    </p>
   </div>
   <div class='ocr_carea' id='block_1_46' title="bbox 360 4371 1928 4443">
    <p class='ocr_par' dir='ltr' id='par_1_46' title="bbox 360 4371 1928 4443">
     <span class='ocr_line' id='line_1_46' title="bbox 360 4371 1928 4443; baseline -0.001 -17"><span class='ocrx_word' id='word_1_360' title='bbox 360 4376 656 4443; x_wconf 87' lang='grc' dir='ltr'>γραμμένα</span> <span class='ocrx_word' id='word_1_361' title='bbox 700 4374 755 4424; x_wconf 82' lang='grc' dir='ltr'>ὲν</span> <span class='ocrx_word' id='word_1_362' title='bbox 796 4372 873 4440; x_wconf 87' lang='grc' dir='ltr'>τῷ</span> <span class='ocrx_word' id='word_1_363' title='bbox 904 4374 1054 4439; x_wconf 83' lang='grc' dir='ltr'>νόμῳ</span> <span class='ocrx_word' id='word_1_364' title='bbox 1110 4371 1205 4421; x_wconf 76' lang='grc' dir='ltr'><strong>καὶ</strong></span> <span class='ocrx_word' id='word_1_365' title='bbox 1234 4373 1540 4439; x_wconf 75' lang='grc' dir='ltr'><strong>προφήταις</strong></span> <span class='ocrx_word' id='word_1_366' title='bbox 1574 4372 1666 4425; x_wconf 75' lang='grc' dir='ltr'><strong>καὶ</strong></span> <span class='ocrx_word' id='word_1_367' title='bbox 1696 4373 1928 4441; x_wconf 74' lang='grc' dir='ltr'>ψαλμοῖς</span> 
     </span>
    </p>
   </div>
   <div class='ocr_carea' id='block_1_47' title="bbox 2009 532 3574 602">
    <p class='ocr_par' dir='ltr' id='par_1_47' title="bbox 2009 532 3574 602">
     <span class='ocr_line' id='line_1_47' title="bbox 2009 532 3574 602; baseline 0.001 -17"><span class='ocrx_word' id='word_1_368' title='bbox 2009 532 2269 598; x_wconf 85' lang='lat' dir='ltr'><strong>Verbum,</strong></span> <span class='ocrx_word' id='word_1_369' title='bbox 2306 533 2359 585; x_wconf 88' lang='lat' dir='ltr'><strong>id</strong></span> <span class='ocrx_word' id='word_1_370' title='bbox 2382 542 2465 587; x_wconf 87' lang='lat' dir='ltr'><strong>est</strong></span> <span class='ocrx_word' id='word_1_371' title='bbox 2494 534 2806 602; x_wconf 75' lang='lat' dir='ltr'><strong>unigenitus</strong></span> <span class='ocrx_word' id='word_1_372' title='bbox 2836 532 2925 587; x_wconf 82' lang='lat' dir='ltr'><strong>Dei</strong></span> <span class='ocrx_word' id='word_1_373' title='bbox 2952 533 3145 600; x_wconf 86' lang='lat' dir='ltr'><strong>Filius,</strong></span> <span class='ocrx_word' id='word_1_374' title='bbox 3180 545 3363 602; x_wconf 85' lang='lat' dir='ltr'><strong>aperte</strong></span> <span class='ocrx_word' id='word_1_375' title='bbox 3393 535 3574 589; x_wconf 76' lang='lat' dir='ltr'><strong>dictus</strong></span> 
     </span>
    </p>
   </div>
   <div class='ocr_carea' id='block_1_48' title="bbox 2008 626 3571 696">
    <p class='ocr_par' dir='ltr' id='par_1_48' title="bbox 2008 626 3571 696">
     <span class='ocr_line' id='line_1_48' title="bbox 2008 626 3571 696; baseline 0 -16"><span class='ocrx_word' id='word_1_376' title='bbox 2008 636 2090 680; x_wconf 88' lang='lat' dir='ltr'><strong>est</strong></span> <span class='ocrx_word' id='word_1_377' title='bbox 2120 626 2211 679; x_wconf 91' lang='lat' dir='ltr'><strong>Dei</strong></span> <span class='ocrx_word' id='word_1_378' title='bbox 2242 626 2539 695; x_wconf 86' lang='lat' dir='ltr'><strong>Sapientia,</strong></span> <span class='ocrx_word' id='word_1_379' title='bbox 2564 641 2658 680; x_wconf 91' lang='lat' dir='ltr'><strong>ore</strong></span> <span class='ocrx_word' id='word_1_380' title='bbox 2685 628 3007 696; x_wconf 85' lang='lat' dir='ltr'><strong>apostolico.</strong></span> <span class='ocrx_word' id='word_1_381' title='bbox 3046 627 3134 681; x_wconf 90' lang='lat' dir='ltr'><strong>ubi</strong></span> <span class='ocrx_word' id='word_1_382' title='bbox 3166 628 3260 689; x_wconf 88' lang='lat' dir='ltr'><strong>ait,</strong></span> <span class='ocrx_word' id='word_1_383' title='bbox 3293 628 3571 680; x_wconf 78' lang='lat' dir='ltr'><strong>Cltrisltttn</strong></span> 
     </span>
    </p>
   </div>
   <div class='ocr_carea' id='block_1_49' title="bbox 2014 718 3571 787">
    <p class='ocr_par' dir='ltr' id='par_1_49' title="bbox 2014 718 3571 787">
     <span class='ocr_line' id='line_1_49' title="bbox 2014 718 3571 787; baseline -0.002 -15"><span class='ocrx_word' id='word_1_384' title='bbox 2014 718 2105 774; x_wconf 85' lang='lat' dir='ltr'><strong>Dei</strong></span> <span class='ocrx_word' id='word_1_385' title='bbox 2144 720 2396 773; x_wconf 79' lang='lat' dir='ltr'><strong>virtutem</strong></span> <span class='ocrx_word' id='word_1_386' title='bbox 2447 728 2500 773; x_wconf 89' lang='lat' dir='ltr'><strong>et</strong></span> <span class='ocrx_word' id='word_1_387' title='bbox 2551 719 2644 773; x_wconf 86' lang='lat' dir='ltr'><strong>Dei</strong></span> <span class='ocrx_word' id='word_1_388' title='bbox 2697 720 3039 787; x_wconf 84' lang='lat' dir='ltr'><strong>sapientiam.</strong></span> <span class='ocrx_word' id='word_1_389' title='bbox 3098 719 3333 781; x_wconf 88' lang='lat' dir='ltr'><strong>Spiritus</strong></span> <span class='ocrx_word' id='word_1_390' title='bbox 3396 732 3571 772; x_wconf 73' lang='lat' dir='ltr'><strong>autem</strong></span> 
     </span>
    </p>
   </div>
   <div class='ocr_carea' id='block_1_50' title="bbox 2010 812 3579 875">
    <p class='ocr_par' dir='ltr' id='par_1_50' title="bbox 2010 812 3579 875">
     <span class='ocr_line' id='line_1_50' title="bbox 2010 812 3579 875; baseline -0.003 -8"><span class='ocrx_word' id='word_1_391' title='bbox 2010 821 2234 867; x_wconf 90' lang='lat' dir='ltr'><strong>sanctus</strong></span> <span class='ocrx_word' id='word_1_392' title='bbox 2266 813 2355 865; x_wconf 88' lang='lat' dir='ltr'><strong>ttbi</strong></span> <span class='ocrx_word' id='word_1_393' title='bbox 2384 813 2453 865; x_wconf 88' lang='lat' dir='ltr'><strong>sit</strong></span> <span class='ocrx_word' id='word_1_394' title='bbox 2480 812 2659 865; x_wconf 77' lang='lat' dir='ltr'><strong>dictus</strong></span> <span class='ocrx_word' id='word_1_395' title='bbox 2683 812 2941 875; x_wconf 75' lang='lat' dir='ltr'><strong>charitas,</strong></span> <span class='ocrx_word' id='word_1_396' title='bbox 2991 814 3321 873; x_wconf 73' lang='lat' dir='ltr'><strong>invenimus,</strong></span> <span class='ocrx_word' id='word_1_397' title='bbox 3375 813 3418 864; x_wconf 93' lang='lat' dir='ltr'><strong>si</strong></span> <span class='ocrx_word' id='word_1_398' title='bbox 3454 813 3579 863; x_wconf 86' lang='lat' dir='ltr'><strong>dili-</strong></span> 
     </span>
    </p>
   </div>
   <div class='ocr_carea' id='block_1_51' title="bbox 2010 902 3575 974">
    <p class='ocr_par' dir='ltr' id='par_1_51' title="bbox 2010 902 3575 974">
     <span class='ocr_line' id='line_1_51' title="bbox 2010 902 3575 974; baseline -0.003 -17"><span class='ocrx_word' id='word_1_399' title='bbox 2010 917 2199 974; x_wconf 70' lang='lat' dir='ltr'><strong>genter</strong></span> <span class='ocrx_word' id='word_1_400' title='bbox 2226 903 2451 958; x_wconf 84' lang='lat' dir='ltr'><strong>Joannis</strong></span> <span class='ocrx_word' id='word_1_401' title='bbox 2501 905 2731 971; x_wconf 88' lang='lat' dir='ltr'><strong>apostoli</strong></span> <span class='ocrx_word' id='word_1_402' title='bbox 2770 914 3080 958; x_wconf 84' lang='lat' dir='ltr'><strong>scrutemur</strong></span> <span class='ocrx_word' id='word_1_403' title='bbox 3108 904 3410 972; x_wconf 80' lang='lat' dir='ltr'><strong>eloquium.</strong></span> <span class='ocrx_word' id='word_1_404' title='bbox 3470 902 3575 967; x_wconf 82' lang='lat' dir='ltr'><strong>Qui</strong></span> 
     </span>
    </p>
   </div>
   <div class='ocr_carea' id='block_1_52' title="bbox 2010 993 3573 1063">
    <p class='ocr_par' dir='ltr' id='par_1_52' title="bbox 2010 993 3573 1063">
     <span class='ocr_line' id='line_1_52' title="bbox 2010 993 3573 1063; baseline -0.006 -12"><span class='ocrx_word' id='word_1_405' title='bbox 2010 1013 2133 1051; x_wconf 82' lang='lat' dir='ltr'><strong>cum</strong></span> <span class='ocrx_word' id='word_1_406' title='bbox 2184 996 2462 1049; x_wconf 74' lang='lat' dir='ltr'><strong>dixisset:</strong></span> <span class='ocrx_word' id='word_1_407' title='bbox 2510 1018 2527 1048; x_wconf 82' lang='grc' dir='ltr'><strong>ι</strong></span> <span class='ocrx_word' id='word_1_408' title='bbox 2566 993 2937 1059; x_wconf 80' lang='lat' dir='ltr'><strong>Dilectissimi,</strong></span> <span class='ocrx_word' id='word_1_409' title='bbox 2986 997 3274 1063; x_wconf 82' lang='lat' dir='ltr'><strong>diligamus</strong></span> <span class='ocrx_word' id='word_1_410' title='bbox 3320 996 3573 1056; x_wconf 73' lang='lat' dir='ltr'><strong>iuvit-em,</strong></span> 
     </span>
    </p>
   </div>
   <div class='ocr_carea' id='block_1_53' title="bbox 2012 1084 3581 1157">
    <p class='ocr_par' dir='ltr' id='par_1_53' title="bbox 2012 1084 3581 1157">
     <span class='ocr_line' id='line_1_53' title="bbox 2012 1084 3581 1157; baseline -0.003 -20"><span class='ocrx_word' id='word_1_411' title='bbox 2012 1090 2137 1157; x_wconf 85' lang='lat' dir='ltr'><strong>quia</strong></span> <span class='ocrx_word' id='word_1_412' title='bbox 2167 1088 2386 1143; x_wconf 77' lang='lat' dir='ltr'><strong>dilectio</strong></span> <span class='ocrx_word' id='word_1_413' title='bbox 2428 1102 2491 1138; x_wconf 81' lang='lat' dir='ltr'><strong>ex</strong></span> <span class='ocrx_word' id='word_1_414' title='bbox 2527 1087 2635 1141; x_wconf 89' lang='lat' dir='ltr'><strong>Deo</strong></span> <span class='ocrx_word' id='word_1_415' title='bbox 2680 1098 2795 1151; x_wconf 83' lang='lat' dir='ltr'><strong>est,</strong></span> <span class='ocrx_word' id='word_1_416' title='bbox 2829 1106 2848 1139; x_wconf 77' lang='grc' dir='ltr'><strong>ι</strong></span> <span class='ocrx_word' id='word_1_417' title='bbox 2896 1095 3114 1141; x_wconf 86' lang='lat' dir='ltr'><strong>secutus</strong></span> <span class='ocrx_word' id='word_1_418' title='bbox 3153 1086 3433 1153; x_wconf 73' lang='lat' dir='ltr'><strong>adiunxit:</strong></span> <span class='ocrx_word' id='word_1_419' title='bbox 3472 1102 3489 1133; x_wconf 80' lang='grc' dir='ltr'><strong>ι</strong></span> <span class='ocrx_word' id='word_1_420' title='bbox 3519 1084 3581 1135; x_wconf 79' lang='lat' dir='ltr'><strong>Et</strong></span> 
     </span>
    </p>
   </div>
   <div class='ocr_carea' id='block_1_54' title="bbox 2012 1176 3576 1248">
    <p class='ocr_par' dir='ltr' id='par_1_54' title="bbox 2012 1176 3576 1248">
     <span class='ocr_line' id='line_1_54' title="bbox 2012 1176 3576 1248; baseline -0.004 -15"><span class='ocrx_word' id='word_1_421' title='bbox 2012 1184 2192 1235; x_wconf 88' lang='lat' dir='ltr'><strong>omnis</strong></span> <span class='ocrx_word' id='word_1_422' title='bbox 2222 1178 2310 1248; x_wconf 89' lang='lat' dir='ltr'><strong>qui</strong></span> <span class='ocrx_word' id='word_1_423' title='bbox 2342 1180 2536 1245; x_wconf 78' lang='lat' dir='ltr'><strong>diligit,</strong></span> <span class='ocrx_word' id='word_1_424' title='bbox 2570 1194 2631 1232; x_wconf 79' lang='lat' dir='ltr'><strong>ex</strong></span> <span class='ocrx_word' id='word_1_425' title='bbox 2660 1178 2769 1231; x_wconf 79' lang='lat' dir='ltr'><strong>Deo</strong></span> <span class='ocrx_word' id='word_1_426' title='bbox 2800 1190 2958 1232; x_wconf 90' lang='lat' dir='ltr'><strong>natus</strong></span> <span class='ocrx_word' id='word_1_427' title='bbox 2985 1188 3100 1243; x_wconf 82' lang='lat' dir='ltr'><strong>est;</strong></span> <span class='ocrx_word' id='word_1_428' title='bbox 3132 1178 3220 1246; x_wconf 87' lang='lat' dir='ltr'><strong>qui</strong></span> <span class='ocrx_word' id='word_1_429' title='bbox 3254 1193 3361 1229; x_wconf 90' lang='lat' dir='ltr'><strong>non</strong></span> <span class='ocrx_word' id='word_1_430' title='bbox 3387 1176 3576 1239; x_wconf 64' lang='lat' dir='ltr'><strong>diligit,</strong></span> 
     </span>
    </p>
   </div>
   <div class='ocr_carea' id='block_1_55' title="bbox 2014 1264 3580 1333">
    <p class='ocr_par' dir='ltr' id='par_1_55' title="bbox 2014 1264 3580 1333">
     <span class='ocr_line' id='line_1_55' title="bbox 2014 1264 3580 1333; baseline -0.001 -12"><span class='ocrx_word' id='word_1_431' title='bbox 2014 1284 2121 1321; x_wconf 90' lang='lat' dir='ltr'><strong>nou</strong></span> <span class='ocrx_word' id='word_1_432' title='bbox 2148 1268 2400 1331; x_wconf 69' lang='lat' dir='ltr'><strong>cognorit</strong></span> <span class='ocrx_word' id='word_1_433' title='bbox 2429 1267 2612 1331; x_wconf 87' lang='lat' dir='ltr'><strong>Deum;</strong></span> <span class='ocrx_word' id='word_1_434' title='bbox 2658 1268 2783 1333; x_wconf 89' lang='lat' dir='ltr'><strong>quia</strong></span> <span class='ocrx_word' id='word_1_435' title='bbox 2818 1267 2961 1320; x_wconf 87' lang='lat' dir='ltr'><strong>Deus</strong></span> <span class='ocrx_word' id='word_1_436' title='bbox 2994 1266 3212 1320; x_wconf 75' lang='lat' dir='ltr'><strong>dilectio</strong></span> <span class='ocrx_word' id='word_1_437' title='bbox 3243 1275 3325 1317; x_wconf 82' lang='lat' dir='ltr'><strong>est</strong></span> <span class='ocrx_word' id='word_1_438' title='bbox 3357 1268 3399 1318; x_wconf 85' lang='lat'><strong>&quot;.</strong></span> <span class='ocrx_word' id='word_1_439' title='bbox 3431 1285 3447 1316; x_wconf 80' lang='grc' dir='ltr'><strong>ι</strong></span> <span class='ocrx_word' id='word_1_440' title='bbox 3482 1264 3580 1319; x_wconf 89' lang='lat' dir='ltr'><strong>llic</strong></span> 
     </span>
    </p>
   </div>
   <div class='ocr_carea' id='block_1_56' title="bbox 2015 1352 3579 1411">
    <p class='ocr_par' dir='ltr' id='par_1_56' title="bbox 2015 1352 3579 1411">
     <span class='ocr_line' id='line_1_56' title="bbox 2015 1352 3579 1411; baseline -0.006 0"><span class='ocrx_word' id='word_1_441' title='bbox 2015 1358 2383 1411; x_wconf 80' lang='lat' dir='ltr'><strong>tnanifestavit</strong></span> <span class='ocrx_word' id='word_1_442' title='bbox 2430 1372 2549 1410; x_wconf 90' lang='lat' dir='ltr'><strong>eam</strong></span> <span class='ocrx_word' id='word_1_443' title='bbox 2610 1371 2668 1409; x_wconf 77' lang='lat' dir='ltr'><strong>se</strong></span> <span class='ocrx_word' id='word_1_444' title='bbox 2714 1356 2920 1409; x_wconf 76' lang='lat' dir='ltr'><strong>dixisse</strong></span> <span class='ocrx_word' id='word_1_445' title='bbox 2971 1355 3316 1408; x_wconf 75' lang='lat' dir='ltr'><strong>dilectionem</strong></span> <span class='ocrx_word' id='word_1_446' title='bbox 3389 1352 3579 1411; x_wconf 83' lang='lat' dir='ltr'><strong>Deum,</strong></span> 
     </span>
    </p>
   </div>
   <div class='ocr_carea' id='block_1_57' title="bbox 2013 1444 3579 1522">
    <p class='ocr_par' dir='ltr' id='par_1_57' title="bbox 2013 1444 3579 1522">
     <span class='ocr_line' id='line_1_57' title="bbox 2013 1444 3579 1522; baseline -0.005 -17"><span class='ocrx_word' id='word_1_447' title='bbox 2013 1469 2177 1522; x_wconf 81' lang='lat' dir='ltr'><strong>quam</strong></span> <span class='ocrx_word' id='word_1_448' title='bbox 2213 1454 2348 1505; x_wconf 83' lang='lat' dir='ltr'><strong>dixit</strong></span> <span class='ocrx_word' id='word_1_449' title='bbox 2382 1466 2447 1504; x_wconf 85' lang='lat' dir='ltr'><strong>ex</strong></span> <span class='ocrx_word' id='word_1_450' title='bbox 2476 1449 2606 1503; x_wconf 90' lang='lat' dir='ltr'><strong>Deo.</strong></span> <span class='ocrx_word' id='word_1_451' title='bbox 2640 1448 2785 1502; x_wconf 88' lang='lat' dir='ltr'><strong>Dens</strong></span> <span class='ocrx_word' id='word_1_452' title='bbox 2814 1465 2941 1515; x_wconf 78' lang='lat' dir='ltr'><strong>ergo</strong></span> <span class='ocrx_word' id='word_1_453' title='bbox 2971 1462 3035 1499; x_wconf 82' lang='lat' dir='ltr'><strong>ex</strong></span> <span class='ocrx_word' id='word_1_454' title='bbox 3068 1446 3177 1500; x_wconf 90' lang='lat' dir='ltr'><strong>Deo</strong></span> <span class='ocrx_word' id='word_1_455' title='bbox 3204 1453 3286 1499; x_wconf 85' lang='lat' dir='ltr'><strong>est</strong></span> <span class='ocrx_word' id='word_1_456' title='bbox 3336 1444 3579 1497; x_wconf 79' lang='lat' dir='ltr'><strong>dilectio.</strong></span> 
     </span>
    </p>
   </div>
   <div class='ocr_carea' id='block_1_58' title="bbox 2018 1538 3585 1614">
    <p class='ocr_par' dir='ltr' id='par_1_58' title="bbox 2018 1538 3585 1614">
     <span class='ocr_line' id='line_1_58' title="bbox 2018 1538 3585 1614; baseline -0.006 -15"><span class='ocrx_word' id='word_1_457' title='bbox 2018 1546 2121 1600; x_wconf 77' lang='lat' dir='ltr'><strong>Sed</strong></span> <span class='ocrx_word' id='word_1_458' title='bbox 2163 1545 2292 1614; x_wconf 90' lang='lat' dir='ltr'><strong>quia</strong></span> <span class='ocrx_word' id='word_1_459' title='bbox 2324 1554 2377 1599; x_wconf 88' lang='lat' dir='ltr'><strong>et</strong></span> <span class='ocrx_word' id='word_1_460' title='bbox 2398 1544 2567 1599; x_wconf 85' lang='lat' dir='ltr'><strong>Filius</strong></span> <span class='ocrx_word' id='word_1_461' title='bbox 2595 1557 2657 1595; x_wconf 86' lang='lat' dir='ltr'><strong>ex</strong></span> <span class='ocrx_word' id='word_1_462' title='bbox 2687 1542 2797 1595; x_wconf 74' lang='lat' dir='ltr'><strong>Deo</strong></span> <span class='ocrx_word' id='word_1_463' title='bbox 2822 1542 2980 1594; x_wconf 88' lang='lat' dir='ltr'><strong>Patre</strong></span> <span class='ocrx_word' id='word_1_464' title='bbox 3012 1550 3171 1592; x_wconf 90' lang='lat' dir='ltr'><strong>natus</strong></span> <span class='ocrx_word' id='word_1_465' title='bbox 3200 1548 3303 1601; x_wconf 89' lang='lat' dir='ltr'><strong>est,</strong></span> <span class='ocrx_word' id='word_1_466' title='bbox 3360 1548 3415 1591; x_wconf 82' lang='lat' dir='ltr'><strong>et</strong></span> <span class='ocrx_word' id='word_1_467' title='bbox 3465 1538 3585 1606; x_wconf 89' lang='lat' dir='ltr'><strong>Spi-</strong></span> 
     </span>
    </p>
   </div>
   <div class='ocr_carea' id='block_1_59' title="bbox 2017 1632 3584 1702">
    <p class='ocr_par' dir='ltr' id='par_1_59' title="bbox 2017 1632 3584 1702">
     <span class='ocr_line' id='line_1_59' title="bbox 2017 1632 3584 1702; baseline -0.006 -8"><span class='ocrx_word' id='word_1_468' title='bbox 2017 1642 2156 1696; x_wconf 86' lang='lat' dir='ltr'><strong>ritus</strong></span> <span class='ocrx_word' id='word_1_469' title='bbox 2188 1650 2409 1692; x_wconf 84' lang='lat' dir='ltr'><strong>sanctus</strong></span> <span class='ocrx_word' id='word_1_470' title='bbox 2431 1653 2495 1691; x_wconf 88' lang='lat' dir='ltr'><strong>ex</strong></span> <span class='ocrx_word' id='word_1_471' title='bbox 2535 1637 2641 1689; x_wconf 71' lang='lat' dir='ltr'><strong>lieo</strong></span> <span class='ocrx_word' id='word_1_472' title='bbox 2678 1634 2837 1689; x_wconf 86' lang='lat' dir='ltr'><strong>Patre</strong></span> <span class='ocrx_word' id='word_1_473' title='bbox 2879 1632 3143 1702; x_wconf 87' lang='lat' dir='ltr'><strong>procedit,</strong></span> <span class='ocrx_word' id='word_1_474' title='bbox 3184 1647 3341 1701; x_wconf 88' lang='lat' dir='ltr'><strong>quem</strong></span> <span class='ocrx_word' id='word_1_475' title='bbox 3405 1633 3584 1699; x_wconf 88' lang='lat' dir='ltr'><strong>potius</strong></span> 
     </span>
    </p>
   </div>
   <div class='ocr_carea' id='block_1_60' title="bbox 2018 1723 3683 1796">
    <p class='ocr_par' dir='ltr' id='par_1_60' title="bbox 2018 1723 3683 1796">
     <span class='ocr_line' id='line_1_60' title="bbox 2018 1723 3683 1796; baseline -0.008 -8"><span class='ocrx_word' id='word_1_476' title='bbox 2018 1750 2206 1788; x_wconf 90' lang='lat' dir='ltr'><strong>eorum</strong></span> <span class='ocrx_word' id='word_1_477' title='bbox 2244 1732 2329 1784; x_wconf 92' lang='lat' dir='ltr'><strong>hic</strong></span> <span class='ocrx_word' id='word_1_478' title='bbox 2364 1731 2663 1784; x_wconf 87' lang='lat' dir='ltr'><strong>debeamus</strong></span> <span class='ocrx_word' id='word_1_479' title='bbox 2719 1730 2986 1796; x_wconf 85' lang='lat' dir='ltr'><strong>accipere,</strong></span> <span class='ocrx_word' id='word_1_480' title='bbox 3024 1726 3231 1779; x_wconf 89' lang='lat' dir='ltr'><strong>dictum</strong></span> <span class='ocrx_word' id='word_1_481' title='bbox 3275 1739 3398 1778; x_wconf 88' lang='lat' dir='ltr'><strong>esse</strong></span> <span class='ocrx_word' id='word_1_482' title='bbox 3448 1723 3585 1775; x_wconf 86' lang='lat' dir='ltr'><strong>dile-</strong></span> <span class='ocrx_word' id='word_1_483' title='bbox 3672 1775 3683 1786; x_wconf 78' lang='grc'><strong>,</strong></span> 
     </span>
    </p>
   </div>
   <div class='ocr_carea' id='block_1_61' title="bbox 2016 1815 3585 1891">
    <p class='ocr_par' dir='ltr' id='par_1_61' title="bbox 2016 1815 3585 1891">
     <span class='ocr_line' id='line_1_61' title="bbox 2016 1815 3585 1891; baseline -0.008 -12"><span class='ocrx_word' id='word_1_484' title='bbox 2016 1827 2250 1879; x_wconf 82' lang='lat' dir='ltr'><strong>etionem</strong></span> <span class='ocrx_word' id='word_1_485' title='bbox 2293 1824 2479 1886; x_wconf 84' lang='lat' dir='ltr'><strong>Deum,</strong></span> <span class='ocrx_word' id='word_1_486' title='bbox 2513 1823 2709 1876; x_wconf 89' lang='lat' dir='ltr'><strong>merito</strong></span> <span class='ocrx_word' id='word_1_487' title='bbox 2731 1821 2995 1891; x_wconf 59' lang='lat' dir='ltr'><strong>quaeritur</strong></span> <span class='ocrx_word' id='word_1_488' title='bbox 3030 1836 3042 1871; x_wconf 89' lang='lat'><strong>:</strong></span> <span class='ocrx_word' id='word_1_489' title='bbox 3075 1817 3235 1871; x_wconf 85' lang='lat' dir='ltr'><strong>Pater</strong></span> <span class='ocrx_word' id='word_1_490' title='bbox 3268 1817 3409 1870; x_wconf 87' lang='lat' dir='ltr'><strong>enim</strong></span> <span class='ocrx_word' id='word_1_491' title='bbox 3436 1815 3585 1868; x_wconf 89' lang='lat' dir='ltr'><strong>solus</strong></span> 
     </span>
    </p>
   </div>
   <div class='ocr_carea' id='block_1_62' title="bbox 2016 1891 3580 1979">
    <p class='ocr_par' dir='ltr' id='par_1_62' title="bbox 2016 1891 3580 1979">
     <span class='ocr_line' id='line_1_62' title="bbox 2016 1891 3580 1979; baseline -0.01 -6"><span class='ocrx_word' id='word_1_492' title='bbox 2016 1921 2089 1973; x_wconf 89' lang='lat' dir='ltr'><strong>ita</strong></span> <span class='ocrx_word' id='word_1_493' title='bbox 2122 1918 2262 1973; x_wconf 83' lang='lat' dir='ltr'><strong>Deus</strong></span> <span class='ocrx_word' id='word_1_494' title='bbox 2283 1926 2383 1978; x_wconf 87' lang='lat' dir='ltr'><strong>est,</strong></span> <span class='ocrx_word' id='word_1_495' title='bbox 2429 1923 2485 1969; x_wconf 91' lang='lat' dir='ltr'><strong>ut</strong></span> <span class='ocrx_word' id='word_1_496' title='bbox 2512 1930 2618 1968; x_wconf 92' lang='lat' dir='ltr'><strong>non</strong></span> <span class='ocrx_word' id='word_1_497' title='bbox 2651 1917 2721 1968; x_wconf 90' lang='lat' dir='ltr'><strong>sit</strong></span> <span class='ocrx_word' id='word_1_498' title='bbox 2752 1928 2814 1966; x_wconf 86' lang='lat' dir='ltr'><strong>ex</strong></span> <span class='ocrx_word' id='word_1_499' title='bbox 2844 1912 2951 1965; x_wconf 90' lang='lat' dir='ltr'><strong>Deo</strong></span> <span class='ocrx_word' id='word_1_500' title='bbox 2966 1891 3072 1979; x_wconf 39' lang='lat' dir='ltr'><strong>&#39;;ac</strong></span> <span class='ocrx_word' id='word_1_501' title='bbox 3098 1924 3193 1977; x_wconf 91' lang='lat' dir='ltr'><strong>per</strong></span> <span class='ocrx_word' id='word_1_502' title='bbox 3218 1906 3580 1969; x_wconf 74' lang='lat' dir='ltr'><strong>IlOCdll8(&#39;li0,</strong></span> 
     </span>
    </p>
   </div>
   <div class='ocr_carea' id='block_1_63' title="bbox 2017 1996 3583 2082">
    <p class='ocr_par' dir='ltr' id='par_1_63' title="bbox 2017 1996 3583 2082">
     <span class='ocr_line' id='line_1_63' title="bbox 2017 1996 3583 2082; baseline -0.01 -18"><span class='ocrx_word' id='word_1_503' title='bbox 2017 2026 2138 2082; x_wconf 75' lang='lat' dir='ltr'><strong>qua:</strong></span> <span class='ocrx_word' id='word_1_504' title='bbox 2172 2010 2243 2063; x_wconf 86' lang='lat' dir='ltr'><strong>ita</strong></span> <span class='ocrx_word' id='word_1_505' title='bbox 2275 2008 2422 2061; x_wconf 89' lang='lat' dir='ltr'><strong>Deus</strong></span> <span class='ocrx_word' id='word_1_506' title='bbox 2455 2014 2557 2069; x_wconf 90' lang='lat' dir='ltr'><strong>est,</strong></span> <span class='ocrx_word' id='word_1_507' title='bbox 2600 2014 2659 2057; x_wconf 87' lang='lat' dir='ltr'><strong>ut</strong></span> <span class='ocrx_word' id='word_1_508' title='bbox 2692 2019 2755 2058; x_wconf 89' lang='lat' dir='ltr'><strong>ex</strong></span> <span class='ocrx_word' id='word_1_509' title='bbox 2787 2003 2898 2057; x_wconf 87' lang='lat' dir='ltr'><strong>Deo</strong></span> <span class='ocrx_word' id='word_1_510' title='bbox 2948 2001 3043 2062; x_wconf 87' lang='lat' dir='ltr'><strong>sit,</strong></span> <span class='ocrx_word' id='word_1_511' title='bbox 3106 2009 3200 2053; x_wconf 90' lang='lat' dir='ltr'><strong>aut</strong></span> <span class='ocrx_word' id='word_1_512' title='bbox 3252 1996 3420 2051; x_wconf 83' lang='lat' dir='ltr'><strong>Filius</strong></span> <span class='ocrx_word' id='word_1_513' title='bbox 3477 2006 3583 2061; x_wconf 87' lang='lat' dir='ltr'><strong>est,</strong></span> 
     </span>
    </p>
   </div>
   <div class='ocr_carea' id='block_1_64' title="bbox 2017 2089 3583 2169">
    <p class='ocr_par' dir='ltr' id='par_1_64' title="bbox 2017 2089 3583 2169">
     <span class='ocr_line' id='line_1_64' title="bbox 2017 2089 3583 2169; baseline -0.012 -11"><span class='ocrx_word' id='word_1_514' title='bbox 2017 2113 2111 2158; x_wconf 90' lang='lat' dir='ltr'><strong>aut</strong></span> <span class='ocrx_word' id='word_1_515' title='bbox 2140 2101 2377 2169; x_wconf 88' lang='lat' dir='ltr'><strong>Spiritus</strong></span> <span class='ocrx_word' id='word_1_516' title='bbox 2400 2106 2643 2153; x_wconf 84' lang='lat' dir='ltr'><strong>sanctus.</strong></span> <span class='ocrx_word' id='word_1_517' title='bbox 2687 2094 2790 2149; x_wconf 79' lang='lat' dir='ltr'><strong>Sed</strong></span> <span class='ocrx_word' id='word_1_518' title='bbox 2824 2097 2877 2148; x_wconf 89' lang='lat' dir='ltr'><strong>in</strong></span> <span class='ocrx_word' id='word_1_519' title='bbox 2940 2089 3400 2159; x_wconf 85' lang='lat' dir='ltr'><strong>consequentibus</strong></span> <span class='ocrx_word' id='word_1_520' title='bbox 3460 2102 3583 2141; x_wconf 86' lang='lat' dir='ltr'><strong>cum</strong></span> 
     </span>
    </p>
   </div>
   <div class='ocr_carea' id='block_1_65' title="bbox 2018 2188 3585 2247">
    <p class='ocr_par' dir='ltr' id='par_1_65' title="bbox 2018 2188 3585 2247">
     <span class='ocr_line' id='line_1_65' title="bbox 2018 2188 3585 2247; baseline -0.011 -3"><span class='ocrx_word' id='word_1_521' title='bbox 2018 2191 2111 2244; x_wconf 79' lang='lat' dir='ltr'><strong>Dei</strong></span> <span class='ocrx_word' id='word_1_522' title='bbox 2142 2188 2485 2243; x_wconf 88' lang='lat' dir='ltr'><strong>dilectionem</strong></span> <span class='ocrx_word' id='word_1_523' title='bbox 2524 2191 3023 2245; x_wconf 83' lang='lat' dir='ltr'><strong>commemorasset,</strong></span> <span class='ocrx_word' id='word_1_524' title='bbox 3047 2195 3155 2234; x_wconf 90' lang='lat' dir='ltr'><strong>non</strong></span> <span class='ocrx_word' id='word_1_525' title='bbox 3180 2194 3284 2247; x_wconf 89' lang='lat' dir='ltr'><strong>qua</strong></span> <span class='ocrx_word' id='word_1_526' title='bbox 3316 2194 3415 2231; x_wconf 91' lang='lat' dir='ltr'><strong>nos</strong></span> <span class='ocrx_word' id='word_1_527' title='bbox 3435 2194 3585 2240; x_wconf 88' lang='lat' dir='ltr'><strong>eum,</strong></span> 
     </span>
    </p>
   </div>
   <div class='ocr_carea' id='block_1_66' title="bbox 2021 2268 3588 2347">
    <p class='ocr_par' dir='ltr' id='par_1_66' title="bbox 2021 2268 3588 2347">
     <span class='ocr_line' id='line_1_66' title="bbox 2021 2268 3588 2347; baseline -0.01 -11"><span class='ocrx_word' id='word_1_528' title='bbox 2021 2282 2115 2337; x_wconf 86' lang='lat' dir='ltr'><strong>setl</strong></span> <span class='ocrx_word' id='word_1_529' title='bbox 2142 2297 2245 2347; x_wconf 89' lang='lat' dir='ltr'><strong>qua</strong></span> <span class='ocrx_word' id='word_1_530' title='bbox 2284 2280 2399 2347; x_wconf 89' lang='lat' dir='ltr'><strong>ipse</strong></span> <span class='ocrx_word' id='word_1_531' title='bbox 2426 2278 2617 2331; x_wconf 81' lang='lat' dir='ltr'><strong>dilexit</strong></span> <span class='ocrx_word' id='word_1_532' title='bbox 2645 2293 2765 2338; x_wconf 89' lang='lat' dir='ltr'><strong>nos,</strong></span> <span class='ocrx_word' id='word_1_533' title='bbox 2801 2285 2854 2329; x_wconf 87' lang='lat' dir='ltr'><strong>et</strong></span> <span class='ocrx_word' id='word_1_534' title='bbox 2885 2274 3033 2328; x_wconf 86' lang='lat' dir='ltr'><strong>misit</strong></span> <span class='ocrx_word' id='word_1_535' title='bbox 3065 2272 3263 2327; x_wconf 83' lang='lat' dir='ltr'><strong>Filium</strong></span> <span class='ocrx_word' id='word_1_536' title='bbox 3296 2286 3454 2324; x_wconf 87' lang='lat' dir='ltr'><strong>suum</strong></span> <span class='ocrx_word' id='word_1_537' title='bbox 3516 2268 3550 2321; x_wconf 88' lang='lat' dir='ltr'><strong>li</strong></span> <span class='ocrx_word' id='word_1_538' title='bbox 3571 2297 3588 2309; x_wconf 86' lang='lat'><strong>-</strong></span> 
     </span>
    </p>
   </div>
   <div class='ocr_carea' id='block_1_67' title="bbox 2020 2361 3587 2438">
    <p class='ocr_par' dir='ltr' id='par_1_67' title="bbox 2020 2361 3587 2438">
     <span class='ocr_line' id='line_1_67' title="bbox 2020 2361 3587 2438; baseline -0.01 -11"><span class='ocrx_word' id='word_1_539' title='bbox 2020 2375 2322 2427; x_wconf 89' lang='lat' dir='ltr'><strong>beratorem</strong></span> <span class='ocrx_word' id='word_1_540' title='bbox 2362 2385 2458 2438; x_wconf 92' lang='lat' dir='ltr'><strong>pro</strong></span> <span class='ocrx_word' id='word_1_541' title='bbox 2493 2368 2731 2438; x_wconf 89' lang='lat' dir='ltr'><strong>peccatis</strong></span> <span class='ocrx_word' id='word_1_542' title='bbox 2768 2365 2993 2430; x_wconf 89' lang='lat' dir='ltr'><strong>nostris,</strong></span> <span class='ocrx_word' id='word_1_543' title='bbox 3027 2372 3085 2418; x_wconf 91' lang='lat' dir='ltr'><strong>et</strong></span> <span class='ocrx_word' id='word_1_544' title='bbox 3117 2364 3245 2416; x_wconf 91' lang='lat' dir='ltr'><strong>hinc</strong></span> <span class='ocrx_word' id='word_1_545' title='bbox 3271 2361 3587 2414; x_wconf 81' lang='lat' dir='ltr'><strong>exhortatus</strong></span> 
     </span>
    </p>
   </div>
   <div class='ocr_carea' id='block_1_68' title="bbox 2020 2451 3587 2529">
    <p class='ocr_par' dir='ltr' id='par_1_68' title="bbox 2020 2451 3587 2529">
     <span class='ocr_line' id='line_1_68' title="bbox 2020 2451 3587 2529; baseline -0.011 -10"><span class='ocrx_word' id='word_1_546' title='bbox 2020 2477 2163 2519; x_wconf 84' lang='lat' dir='ltr'><strong>esset</strong></span> <span class='ocrx_word' id='word_1_547' title='bbox 2202 2475 2260 2518; x_wconf 91' lang='lat' dir='ltr'><strong>ut</strong></span> <span class='ocrx_word' id='word_1_548' title='bbox 2313 2472 2367 2516; x_wconf 81' lang='lat' dir='ltr'><strong>et</strong></span> <span class='ocrx_word' id='word_1_549' title='bbox 2397 2478 2491 2514; x_wconf 90' lang='lat' dir='ltr'><strong>uos</strong></span> <span class='ocrx_word' id='word_1_550' title='bbox 2540 2461 2771 2513; x_wconf 75' lang='lat' dir='ltr'><strong>invicem</strong></span> <span class='ocrx_word' id='word_1_551' title='bbox 2828 2458 3137 2527; x_wconf 80' lang='lat' dir='ltr'><strong>diligamus,</strong></span> <span class='ocrx_word' id='word_1_552' title='bbox 3198 2462 3358 2529; x_wconf 77' lang='lat' dir='ltr'><strong>atque</strong></span> <span class='ocrx_word' id='word_1_553' title='bbox 3405 2452 3477 2504; x_wconf 88' lang='lat' dir='ltr'><strong>ita</strong></span> <span class='ocrx_word' id='word_1_554' title='bbox 3532 2451 3587 2503; x_wconf 87' lang='lat' dir='ltr'><strong>in</strong></span> 
     </span>
    </p>
   </div>
   <div class='ocr_carea' id='block_1_69' title="bbox 2022 2542 3585 2619">
    <p class='ocr_par' dir='ltr' id='par_1_69' title="bbox 2022 2542 3585 2619">
     <span class='ocr_line' id='line_1_69' title="bbox 2022 2542 3585 2619; baseline -0.013 -8"><span class='ocrx_word' id='word_1_555' title='bbox 2022 2559 2183 2611; x_wconf 86' lang='lat' dir='ltr'><strong>nobis</strong></span> <span class='ocrx_word' id='word_1_556' title='bbox 2213 2555 2355 2609; x_wconf 88' lang='lat' dir='ltr'><strong>Deus</strong></span> <span class='ocrx_word' id='word_1_557' title='bbox 2380 2564 2593 2607; x_wconf 90' lang='lat' dir='ltr'><strong>maneat</strong></span> <span class='ocrx_word' id='word_1_558' title='bbox 2622 2570 2637 2605; x_wconf 89' lang='lat'><strong>:</strong></span> <span class='ocrx_word' id='word_1_559' title='bbox 2671 2553 2805 2619; x_wconf 85' lang='lat' dir='ltr'><strong>quia</strong></span> <span class='ocrx_word' id='word_1_560' title='bbox 2827 2553 3013 2617; x_wconf 89' lang='lat' dir='ltr'><strong>utique</strong></span> <span class='ocrx_word' id='word_1_561' title='bbox 3039 2545 3384 2600; x_wconf 88' lang='lat' dir='ltr'><strong>dilectionem</strong></span> <span class='ocrx_word' id='word_1_562' title='bbox 3419 2542 3585 2595; x_wconf 81' lang='lat' dir='ltr'><strong>Deum</strong></span> 
     </span>
    </p>
   </div>
   <div class='ocr_carea' id='block_1_70' title="bbox 2023 2633 3587 2713">
    <p class='ocr_par' dir='ltr' id='par_1_70' title="bbox 2023 2633 3587 2713">
     <span class='ocr_line' id='line_1_70' title="bbox 2023 2633 3587 2713; baseline -0.012 -10"><span class='ocrx_word' id='word_1_563' title='bbox 2023 2650 2253 2713; x_wconf 81' lang='lat' dir='ltr'><strong>dixerat,</strong></span> <span class='ocrx_word' id='word_1_564' title='bbox 2286 2645 2467 2702; x_wconf 81' lang='lat' dir='ltr'><strong>statim</strong></span> <span class='ocrx_word' id='word_1_565' title='bbox 2503 2644 2690 2696; x_wconf 78' lang='lat' dir='ltr'><strong>volens</strong></span> <span class='ocrx_word' id='word_1_566' title='bbox 2726 2641 2794 2695; x_wconf 88' lang='lat' dir='ltr'><strong>de</strong></span> <span class='ocrx_word' id='word_1_567' title='bbox 2824 2641 2926 2693; x_wconf 87' lang='lat' dir='ltr'><strong>hac</strong></span> <span class='ocrx_word' id='word_1_568' title='bbox 2974 2655 3033 2693; x_wconf 86' lang='lat' dir='ltr'><strong>re</strong></span> <span class='ocrx_word' id='word_1_569' title='bbox 3090 2636 3330 2706; x_wconf 86' lang='lat' dir='ltr'><strong>apertius</strong></span> <span class='ocrx_word' id='word_1_570' title='bbox 3380 2633 3587 2701; x_wconf 89' lang='lat' dir='ltr'><strong>aliquid</strong></span> 
     </span>
    </p>
   </div>
   <div class='ocr_carea' id='block_1_71' title="bbox 2023 2726 3592 2810">
    <p class='ocr_par' dir='ltr' id='par_1_71' title="bbox 2023 2726 3592 2810">
     <span class='ocr_line' id='line_1_71' title="bbox 2023 2726 3592 2810; baseline -0.011 -14"><span class='ocrx_word' id='word_1_571' title='bbox 2023 2741 2202 2810; x_wconf 83' lang='lat' dir='ltr'><strong>eloqui</strong></span> <span class='ocrx_word' id='word_1_572' title='bbox 2237 2757 2251 2793; x_wconf 92' lang='lat'><strong>:</strong></span> <span class='ocrx_word' id='word_1_573' title='bbox 2297 2756 2315 2789; x_wconf 83' lang='grc' dir='ltr'><strong>ι</strong></span> <span class='ocrx_word' id='word_1_574' title='bbox 2344 2738 2401 2791; x_wconf 87' lang='lat' dir='ltr'><strong>In</strong></span> <span class='ocrx_word' id='word_1_575' title='bbox 2434 2738 2557 2799; x_wconf 90' lang='lat' dir='ltr'><strong>hoc,</strong></span> <span class='ocrx_word' id='word_1_576' title='bbox 2590 2735 2785 2804; x_wconf 89' lang='lat' dir='ltr'><strong>inquit,</strong></span> <span class='ocrx_word' id='word_1_577' title='bbox 2820 2731 3204 2802; x_wconf 80' lang='lat' dir='ltr'><strong>cognoscimus</strong></span> <span class='ocrx_word' id='word_1_578' title='bbox 3232 2727 3357 2796; x_wconf 89' lang='lat' dir='ltr'><strong>quia</strong></span> <span class='ocrx_word' id='word_1_579' title='bbox 3388 2727 3442 2779; x_wconf 94' lang='lat' dir='ltr'><strong>in</strong></span> <span class='ocrx_word' id='word_1_580' title='bbox 3474 2726 3592 2793; x_wconf 90' lang='lat' dir='ltr'><strong>ipso</strong></span> 
     </span>
    </p>
   </div>
   <div class='ocr_carea' id='block_1_72' title="bbox 2024 2897 3590 2977">
    <p class='ocr_par' dir='ltr' id='par_1_72' title="bbox 2024 2897 3590 2977">
     <span class='ocr_line' id='line_1_72' title="bbox 2024 2897 3590 2977; baseline -0.01 -11"><span class='ocrx_word' id='word_1_581' title='bbox 2024 2897 2155 2975; x_wconf 79' lang='grc' dir='ltr'>Θεὸς</span> <span class='ocrx_word' id='word_1_582' title='bbox 2196 2911 2290 2963; x_wconf 79' lang='grc' dir='ltr'>καὶ</span> <span class='ocrx_word' id='word_1_583' title='bbox 2340 2908 2550 2977; x_wconf 82' lang='grc' dir='ltr'>Πατὴρ,</span> <span class='ocrx_word' id='word_1_584' title='bbox 2588 2908 2686 2960; x_wconf 71' lang='grc' dir='ltr'><strong>καὶ</strong></span> <span class='ocrx_word' id='word_1_585' title='bbox 2734 2908 2762 2959; x_wconf 94' lang='lat'><strong>6</strong></span> <span class='ocrx_word' id='word_1_586' title='bbox 2802 2903 2932 2967; x_wconf 89' lang='grc' dir='ltr'>Θεὸς</span> <span class='ocrx_word' id='word_1_587' title='bbox 2967 2904 3095 2966; x_wconf 76' lang='grc' dir='ltr'>Υἱὸς</span> <span class='ocrx_word' id='word_1_588' title='bbox 3128 2902 3349 2955; x_wconf 81' lang='grc' dir='ltr'>δύναται</span> <span class='ocrx_word' id='word_1_589' title='bbox 3401 2901 3590 2969; x_wconf 82' lang='grc' dir='ltr'>ἀγάπη</span> 
     </span>
    </p>
   </div>
   <div class='ocr_carea' id='block_1_73' title="bbox 2025 2991 3591 3074">
    <p class='ocr_par' dir='ltr' id='par_1_73' title="bbox 2025 2991 3591 3074">
     <span class='ocr_line' id='line_1_73' title="bbox 2025 2991 3591 3074; baseline -0.009 -17"><span class='ocrx_word' id='word_1_590' title='bbox 2025 3002 2573 3074; x_wconf 76' lang='grc' dir='ltr'>προσαγορεύεσθαιο</span> <span class='ocrx_word' id='word_1_591' title='bbox 2632 3001 2821 3070; x_wconf 80' lang='grc' dir='ltr'>ὥσπερ</span> <span class='ocrx_word' id='word_1_592' title='bbox 2869 2998 2961 3051; x_wconf 87' lang='grc' dir='ltr'><strong>οῦν</strong></span> <span class='ocrx_word' id='word_1_593' title='bbox 3019 2998 3113 3049; x_wconf 87' lang='grc' dir='ltr'><strong>τὸν</strong></span> <span class='ocrx_word' id='word_1_594' title='bbox 3180 2994 3442 3065; x_wconf 84' lang='grc' dir='ltr'>μονογενῆ</span> <span class='ocrx_word' id='word_1_595' title='bbox 3497 2991 3591 3045; x_wconf 88' lang='grc' dir='ltr'><strong>τοῦ</strong></span> 
     </span>
    </p>
   </div>
   <div class='ocr_carea' id='block_1_74' title="bbox 2026 3086 3648 3163">
    <p class='ocr_par' dir='ltr' id='par_1_74' title="bbox 2026 3086 3648 3163">
     <span class='ocr_line' id='line_1_74' title="bbox 2026 3086 3648 3163; baseline -0.008 -14"><span class='ocrx_word' id='word_1_596' title='bbox 2026 3095 2160 3149; x_wconf 84' lang='grc' dir='ltr'>Θεοῦ</span> <span class='ocrx_word' id='word_1_597' title='bbox 2193 3096 2365 3163; x_wconf 86' lang='grc' dir='ltr'>Λόγον</span> <span class='ocrx_word' id='word_1_598' title='bbox 2400 3094 2601 3162; x_wconf 88' lang='grc' dir='ltr'>κυρίως</span> <span class='ocrx_word' id='word_1_599' title='bbox 2632 3091 2904 3157; x_wconf 76' lang='grc' dir='ltr'>καλοῦμεν</span> <span class='ocrx_word' id='word_1_600' title='bbox 2934 3088 3012 3159; x_wconf 84' lang='grc' dir='ltr'><strong>τῷ</strong></span> <span class='ocrx_word' id='word_1_601' title='bbox 3039 3090 3139 3153; x_wconf 89' lang='grc' dir='ltr'><strong>τῆς</strong></span> <span class='ocrx_word' id='word_1_602' title='bbox 3167 3089 3358 3155; x_wconf 79' lang='grc' dir='ltr'>σοφίας</span> <span class='ocrx_word' id='word_1_603' title='bbox 3391 3086 3589 3153; x_wconf 81' lang='grc' dir='ltr'>όνόμα-</span> <span class='ocrx_word' id='word_1_604' title='bbox 3642 3125 3648 3131; x_wconf 88' lang='grc'><strong>.</strong></span> 
     </span>
    </p>
   </div>
   <div class='ocr_carea' id='block_1_75' title="bbox 2023 3176 3592 3252">
    <p class='ocr_par' dir='ltr' id='par_1_75' title="bbox 2023 3176 3592 3252">
     <span class='ocr_line' id='line_1_75' title="bbox 2023 3176 3592 3252; baseline -0.008 -12"><span class='ocrx_word' id='word_1_605' title='bbox 2023 3204 2098 3252; x_wconf 85' lang='grc' dir='ltr'><strong>τι,</strong></span> <span class='ocrx_word' id='word_1_606' title='bbox 2128 3186 2306 3240; x_wconf 88' lang='grc' dir='ltr'>καίτοι</span> <span class='ocrx_word' id='word_1_607' title='bbox 2336 3184 2566 3239; x_wconf 82' lang='grc' dir='ltr'>καθόλου</span> <span class='ocrx_word' id='word_1_608' title='bbox 2596 3184 2690 3235; x_wconf 73' lang='grc' dir='ltr'><strong>καὶ</strong></span> <span class='ocrx_word' id='word_1_609' title='bbox 2724 3180 2818 3235; x_wconf 91' lang='grc' dir='ltr'><strong>τοῦ</strong></span> <span class='ocrx_word' id='word_1_610' title='bbox 2846 3181 3003 3250; x_wconf 80' lang='grc' dir='ltr'>ἁγίου</span> <span class='ocrx_word' id='word_1_611' title='bbox 3023 3178 3343 3248; x_wconf 75' lang='grc' dir='ltr'>Πνεῦματος</span> <span class='ocrx_word' id='word_1_612' title='bbox 3378 3178 3473 3230; x_wconf 70' lang='grc' dir='ltr'><strong>καὶ</strong></span> <span class='ocrx_word' id='word_1_613' title='bbox 3498 3176 3592 3228; x_wconf 89' lang='grc' dir='ltr'><strong>τοῦ</strong></span> 
     </span>
    </p>
   </div>
   <div class='ocr_carea' id='block_1_76' title="bbox 2025 3267 3595 3342">
    <p class='ocr_par' dir='ltr' id='par_1_76' title="bbox 2025 3267 3595 3342">
     <span class='ocr_line' id='line_1_76' title="bbox 2025 3267 3595 3342; baseline -0.006 -17"><span class='ocrx_word' id='word_1_614' title='bbox 2025 3274 2237 3342; x_wconf 83' lang='grc' dir='ltr'>Πατρὸς</span> <span class='ocrx_word' id='word_1_615' title='bbox 2270 3273 2463 3341; x_wconf 83' lang='grc' dir='ltr'>σοφίας</span> <span class='ocrx_word' id='word_1_616' title='bbox 2492 3270 2665 3335; x_wconf 73' lang='grc' dir='ltr'>ὄντος,</span> <span class='ocrx_word' id='word_1_617' title='bbox 2698 3269 2839 3322; x_wconf 77' lang='grc' dir='ltr'>οὕτω</span> <span class='ocrx_word' id='word_1_618' title='bbox 2870 3269 2962 3320; x_wconf 72' lang='grc' dir='ltr'>καὶ</span> <span class='ocrx_word' id='word_1_619' title='bbox 2990 3268 3050 3320; x_wconf 86' lang='grc' dir='ltr'><strong>τὸ</strong></span> <span class='ocrx_word' id='word_1_620' title='bbox 3083 3267 3310 3335; x_wconf 81' lang='grc' dir='ltr'>Πνεῦμα</span> <span class='ocrx_word' id='word_1_621' title='bbox 3344 3268 3404 3320; x_wconf 88' lang='grc' dir='ltr'><strong>τὸ</strong></span> <span class='ocrx_word' id='word_1_622' title='bbox 3437 3267 3595 3333; x_wconf 80' lang='grc' dir='ltr'>ἆγιον</span> 
     </span>
    </p>
   </div>
   <div class='ocr_carea' id='block_1_77' title="bbox 2025 3357 3594 3433">
    <p class='ocr_par' dir='ltr' id='par_1_77' title="bbox 2025 3357 3594 3433">
     <span class='ocr_line' id='line_1_77' title="bbox 2025 3357 3594 3433; baseline -0.004 -18"><span class='ocrx_word' id='word_1_623' title='bbox 2025 3364 2233 3433; x_wconf 78' lang='grc' dir='ltr'>κυρίως</span> <span class='ocrx_word' id='word_1_624' title='bbox 2264 3363 2342 3431; x_wconf 81' lang='grc' dir='ltr'>τῷ</span> <span class='ocrx_word' id='word_1_625' title='bbox 2371 3363 2469 3431; x_wconf 88' lang='grc' dir='ltr'><strong>τῆς</strong></span> <span class='ocrx_word' id='word_1_626' title='bbox 2500 3362 2726 3429; x_wconf 82' lang='grc' dir='ltr'>ἀγάπης</span> <span class='ocrx_word' id='word_1_627' title='bbox 2769 3359 3017 3429; x_wconf 85' lang='grc' dir='ltr'>ὀνόματι,</span> <span class='ocrx_word' id='word_1_628' title='bbox 3072 3357 3303 3410; x_wconf 78' lang='grc' dir='ltr'>καθόλου</span> <span class='ocrx_word' id='word_1_629' title='bbox 3351 3359 3447 3410; x_wconf 73' lang='grc' dir='ltr'><strong>καὶ</strong></span> <span class='ocrx_word' id='word_1_630' title='bbox 3501 3358 3594 3410; x_wconf 89' lang='grc' dir='ltr'><strong>τοῦ</strong></span> 
     </span>
    </p>
   </div>
   <div class='ocr_carea' id='block_1_78' title="bbox 2026 3448 3595 3527">
    <p class='ocr_par' dir='ltr' id='par_1_78' title="bbox 2026 3448 3595 3527">
     <span class='ocr_line' id='line_1_78' title="bbox 2026 3448 3595 3527; baseline -0.008 -16"><span class='ocrx_word' id='word_1_631' title='bbox 2026 3459 2239 3527; x_wconf 80' lang='grc' dir='ltr'>Πατρὸς</span> <span class='ocrx_word' id='word_1_632' title='bbox 2292 3457 2387 3509; x_wconf 76' lang='grc' dir='ltr'>καὶ</span> <span class='ocrx_word' id='word_1_633' title='bbox 2432 3455 2525 3508; x_wconf 87' lang='grc' dir='ltr'><strong>τοῦ</strong></span> <span class='ocrx_word' id='word_1_634' title='bbox 2576 3452 2708 3506; x_wconf 84' lang='grc' dir='ltr'>Υἱοῦ</span> <span class='ocrx_word' id='word_1_635' title='bbox 2763 3452 2986 3520; x_wconf 83' lang='grc' dir='ltr'>ἀγάπης</span> <span class='ocrx_word' id='word_1_636' title='bbox 3020 3450 3194 3511; x_wconf 78' lang='grc' dir='ltr'>ὄντος.</span> <span class='ocrx_word' id='word_1_637' title='bbox 3244 3450 3386 3501; x_wconf 84' lang='grc' dir='ltr'>Ἀλλ’</span> <span class='ocrx_word' id='word_1_638' title='bbox 3428 3451 3454 3501; x_wconf 90' lang='lat'><strong>6</strong></span> <span class='ocrx_word' id='word_1_639' title='bbox 3497 3448 3595 3515; x_wconf 77' lang='grc' dir='ltr'>μὲν</span> 
     </span>
    </p>
   </div>
   <div class='ocr_carea' id='block_1_79' title="bbox 2025 3539 3594 3617">
    <p class='ocr_par' dir='ltr' id='par_1_79' title="bbox 2025 3539 3594 3617">
     <span class='ocr_line' id='line_1_79' title="bbox 2025 3539 3594 3617; baseline -0.009 -14"><span class='ocrx_word' id='word_1_640' title='bbox 2025 3552 2197 3617; x_wconf 87' lang='grc' dir='ltr'>Λόγος</span> <span class='ocrx_word' id='word_1_641' title='bbox 2251 3548 2345 3601; x_wconf 85' lang='grc' dir='ltr'><strong>τοῦ</strong></span> <span class='ocrx_word' id='word_1_642' title='bbox 2398 3546 2537 3599; x_wconf 86' lang='grc' dir='ltr'>Θεοῦ</span> <span class='ocrx_word' id='word_1_643' title='bbox 2561 3587 2576 3609; x_wconf 94' lang='grc'><strong>,</strong></span> <span class='ocrx_word' id='word_1_644' title='bbox 2611 3544 2894 3597; x_wconf 82' lang='grc' dir='ltr'>τουτέστιν</span> <span class='ocrx_word' id='word_1_645' title='bbox 2941 3544 2968 3594; x_wconf 93' lang='lat'><strong>6</strong></span> <span class='ocrx_word' id='word_1_646' title='bbox 3007 3539 3302 3610; x_wconf 83' lang='grc' dir='ltr'>μονογενὴς</span> <span class='ocrx_word' id='word_1_647' title='bbox 3333 3539 3458 3601; x_wconf 88' lang='grc' dir='ltr'>Υίὸς</span> <span class='ocrx_word' id='word_1_648' title='bbox 3500 3540 3594 3589; x_wconf 80' lang='grc' dir='ltr'><strong>τοῦ</strong></span> 
     </span>
    </p>
   </div>
   <div class='ocr_carea' id='block_1_80' title="bbox 2025 3631 3591 3708">
    <p class='ocr_par' dir='ltr' id='par_1_80' title="bbox 2025 3631 3591 3708">
     <span class='ocr_line' id='line_1_80' title="bbox 2025 3631 3591 3708; baseline -0.008 -14"><span class='ocrx_word' id='word_1_649' title='bbox 2025 3641 2180 3704; x_wconf 86' lang='grc' dir='ltr'>Θεοῦ,</span> <span class='ocrx_word' id='word_1_650' title='bbox 2214 3637 2466 3708; x_wconf 76' lang='grc' dir='ltr'>φανερῶς</span> <span class='ocrx_word' id='word_1_651' title='bbox 2499 3636 2716 3705; x_wconf 84' lang='grc' dir='ltr'>εἴρηται</span> <span class='ocrx_word' id='word_1_652' title='bbox 2745 3633 2838 3686; x_wconf 88' lang='grc' dir='ltr'><strong>τοῦ</strong></span> <span class='ocrx_word' id='word_1_653' title='bbox 2874 3631 3007 3685; x_wconf 87' lang='grc' dir='ltr'>Θεοῦ</span> <span class='ocrx_word' id='word_1_654' title='bbox 3056 3632 3217 3699; x_wconf 87' lang='grc' dir='ltr'>σοφία</span> <span class='ocrx_word' id='word_1_655' title='bbox 3244 3631 3321 3698; x_wconf 82' lang='grc' dir='ltr'>τῷ</span> <span class='ocrx_word' id='word_1_656' title='bbox 3357 3632 3591 3683; x_wconf 87' lang='grc' dir='ltr'>ἀποστο-</span> 
     </span>
    </p>
   </div>
   <div class='ocr_carea' id='block_1_81' title="bbox 2027 3722 3593 3803">
    <p class='ocr_par' dir='ltr' id='par_1_81' title="bbox 2027 3722 3593 3803">
     <span class='ocr_line' id='line_1_81' title="bbox 2027 3722 3593 3803; baseline -0.011 -16"><span class='ocrx_word' id='word_1_657' title='bbox 2027 3736 2164 3803; x_wconf 87' lang='grc' dir='ltr'>λικῷ</span> <span class='ocrx_word' id='word_1_658' title='bbox 2198 3733 2446 3801; x_wconf 84' lang='grc' dir='ltr'>στόματι,</span> <span class='ocrx_word' id='word_1_659' title='bbox 2478 3729 2608 3783; x_wconf 71' lang='grc' dir='ltr'>ἔνθα</span> <span class='ocrx_word' id='word_1_660' title='bbox 2655 3728 2809 3794; x_wconf 62' lang='grc' dir='ltr'>φησι,</span> <span class='ocrx_word' id='word_1_661' title='bbox 2842 3746 2859 3778; x_wconf 79' lang='grc' dir='ltr'><strong>ι</strong></span> <span class='ocrx_word' id='word_1_662' title='bbox 2903 3725 3138 3795; x_wconf 86' lang='grc' dir='ltr'>Χριστὸν</span> <span class='ocrx_word' id='word_1_663' title='bbox 3168 3722 3304 3777; x_wconf 87' lang='grc' dir='ltr'>Θεοῦ</span> <span class='ocrx_word' id='word_1_664' title='bbox 3338 3722 3593 3789; x_wconf 80' lang='grc' dir='ltr'>δύναμιν,</span> 
     </span>
    </p>
   </div>
   <div class='ocr_carea' id='block_1_82' title="bbox 2026 3815 3595 3891">
    <p class='ocr_par' dir='ltr' id='par_1_82' title="bbox 2026 3815 3595 3891">
     <span class='ocr_line' id='line_1_82' title="bbox 2026 3815 3595 3891; baseline -0.01 -11"><span class='ocrx_word' id='word_1_665' title='bbox 2026 3827 2121 3880; x_wconf 65' lang='grc' dir='ltr'><strong>καὶ</strong></span> <span class='ocrx_word' id='word_1_666' title='bbox 2155 3825 2292 3877; x_wconf 86' lang='grc' dir='ltr'>Θεοῦ</span> <span class='ocrx_word' id='word_1_667' title='bbox 2327 3822 2544 3891; x_wconf 78' lang='grc' dir='ltr'>σοφίαν.</span> <span class='ocrx_word' id='word_1_668' title='bbox 2586 3839 2603 3872; x_wconf 78' lang='grc' dir='ltr'><strong>ι</strong></span> <span class='ocrx_word' id='word_1_669' title='bbox 2637 3820 2710 3871; x_wconf 87' lang='grc' dir='ltr'>Τὸ</span> <span class='ocrx_word' id='word_1_670' title='bbox 2734 3818 2789 3871; x_wconf 78' lang='grc' dir='ltr'><strong>δὲ</strong></span> <span class='ocrx_word' id='word_1_671' title='bbox 2817 3816 3044 3886; x_wconf 85' lang='grc' dir='ltr'>Πνεῦμα</span> <span class='ocrx_word' id='word_1_672' title='bbox 3066 3815 3124 3869; x_wconf 87' lang='grc' dir='ltr'><strong>τὸ</strong></span> <span class='ocrx_word' id='word_1_673' title='bbox 3148 3816 3305 3884; x_wconf 79' lang='grc' dir='ltr'>ἅγιον</span> <span class='ocrx_word' id='word_1_674' title='bbox 3332 3815 3433 3868; x_wconf 90' lang='grc' dir='ltr'><strong>ποῦ</strong></span> <span class='ocrx_word' id='word_1_675' title='bbox 3464 3830 3595 3865; x_wconf 86' lang='grc' dir='ltr'>ποτε</span> 
     </span>
    </p>
   </div>
   <div class='ocr_carea' id='block_1_83' title="bbox 2027 3904 3598 3988">
    <p class='ocr_par' dir='ltr' id='par_1_83' title="bbox 2027 3904 3598 3988">
     <span class='ocr_line' id='line_1_83' title="bbox 2027 3904 3598 3988; baseline -0.01 -17"><span class='ocrx_word' id='word_1_676' title='bbox 2027 3916 2279 3988; x_wconf 82' lang='grc' dir='ltr'>εἰρῆσθαι</span> <span class='ocrx_word' id='word_1_677' title='bbox 2315 3916 2538 3982; x_wconf 84' lang='grc' dir='ltr'>ἀγάπην</span> <span class='ocrx_word' id='word_1_678' title='bbox 2568 3912 2930 3981; x_wconf 83' lang='grc' dir='ltr'>εὑρίσκομεν;</span> <span class='ocrx_word' id='word_1_679' title='bbox 2976 3909 3041 3963; x_wconf 82' lang='grc' dir='ltr'>ἄν</span> <span class='ocrx_word' id='word_1_680' title='bbox 3073 3924 3179 3977; x_wconf 88' lang='grc' dir='ltr'><strong>περ</strong></span> <span class='ocrx_word' id='word_1_681' title='bbox 3220 3907 3493 3973; x_wconf 79' lang='grc' dir='ltr'>ἐπιμελῶς</span> <span class='ocrx_word' id='word_1_682' title='bbox 3519 3904 3598 3971; x_wconf 76' lang='grc' dir='ltr'>τῷ</span> 
     </span>
    </p>
   </div>
   <div class='ocr_carea' id='block_1_84' title="bbox 2026 3997 3594 4069">
    <p class='ocr_par' dir='ltr' id='par_1_84' title="bbox 2026 3997 3594 4069">
     <span class='ocr_line' id='line_1_84' title="bbox 2026 3997 3594 4069; baseline -0.009 -9"><span class='ocrx_word' id='word_1_683' title='bbox 2026 4008 2118 4060; x_wconf 85' lang='grc' dir='ltr'><strong>τοῦ</strong></span> <span class='ocrx_word' id='word_1_684' title='bbox 2152 4004 2452 4058; x_wconf 81' lang='grc' dir='ltr'>ἀποστόλου</span> <span class='ocrx_word' id='word_1_685' title='bbox 2514 4002 2769 4056; x_wconf 89' lang='grc' dir='ltr'>Ἰωάννου</span> <span class='ocrx_word' id='word_1_686' title='bbox 2811 4000 2980 4069; x_wconf 84' lang='grc' dir='ltr'>λογίῳ</span> <span class='ocrx_word' id='word_1_687' title='bbox 3016 4001 3401 4067; x_wconf 86' lang='grc' dir='ltr'>πρόσσχωμεν,</span> <span class='ocrx_word' id='word_1_688' title='bbox 3429 3997 3485 4057; x_wconf 82' lang='grc' dir='ltr'><strong>ὃς</strong></span> <span class='ocrx_word' id='word_1_689' title='bbox 3516 3999 3594 4046; x_wconf 78' lang='grc' dir='ltr'><strong>εἰ·</strong></span> 
     </span>
    </p>
   </div>
   <div class='ocr_carea' id='block_1_85' title="bbox 2029 4088 3594 4164">
    <p class='ocr_par' dir='ltr' id='par_1_85' title="bbox 2029 4088 3594 4164">
     <span class='ocr_line' id='line_1_85' title="bbox 2029 4088 3594 4164; baseline -0.007 -14"><span class='ocrx_word' id='word_1_690' title='bbox 2029 4098 2168 4159; x_wconf 87' lang='grc' dir='ltr'>πὼν,</span> <span class='ocrx_word' id='word_1_691' title='bbox 2198 4114 2217 4147; x_wconf 83' lang='grc' dir='ltr'><strong>ι</strong></span> <span class='ocrx_word' id='word_1_692' title='bbox 2256 4094 2580 4164; x_wconf 75' lang='grc' dir='ltr'>Ἀγαπητοὶ,</span> <span class='ocrx_word' id='word_1_693' title='bbox 2604 4091 2912 4160; x_wconf 82' lang='grc' dir='ltr'>ἀγαπῶμεν</span> <span class='ocrx_word' id='word_1_694' title='bbox 2936 4089 3219 4156; x_wconf 81' lang='grc' dir='ltr'>ἀλλήλους,</span> <span class='ocrx_word' id='word_1_695' title='bbox 3251 4089 3331 4140; x_wconf 86' lang='grc' dir='ltr'>ὅτι</span> <span class='ocrx_word' id='word_1_696' title='bbox 3355 4090 3386 4154; x_wconf 84' lang='grc' dir='ltr'><strong>ἡ</strong></span> <span class='ocrx_word' id='word_1_697' title='bbox 3408 4088 3594 4151; x_wconf 80' lang='grc' dir='ltr'>ἀγάπη</span> 
     </span>
    </p>
   </div>
   <div class='ocr_carea' id='block_1_86' title="bbox 2029 4184 3597 4253">
    <p class='ocr_par' dir='ltr' id='par_1_86' title="bbox 2029 4184 3597 4253">
     <span class='ocr_line' id='line_1_86' title="bbox 2029 4184 3597 4253; baseline -0.006 -9"><span class='ocrx_word' id='word_1_698' title='bbox 2029 4194 2092 4245; x_wconf 80' lang='grc' dir='ltr'>ὲκ</span> <span class='ocrx_word' id='word_1_699' title='bbox 2119 4191 2212 4243; x_wconf 90' lang='grc' dir='ltr'><strong>τοῦ</strong></span> <span class='ocrx_word' id='word_1_700' title='bbox 2261 4187 2396 4241; x_wconf 87' lang='grc' dir='ltr'>Θεοῦ</span> <span class='ocrx_word' id='word_1_701' title='bbox 2430 4190 2604 4249; x_wconf 74' lang='grc' dir='ltr'>ἐστιν,</span> <span class='ocrx_word' id='word_1_702' title='bbox 2644 4205 2663 4239; x_wconf 71' lang='grc' dir='ltr'><strong>ι</strong></span> <span class='ocrx_word' id='word_1_703' title='bbox 2698 4185 2979 4253; x_wconf 75' lang='grc' dir='ltr'>ἑπομένως</span> <span class='ocrx_word' id='word_1_704' title='bbox 3013 4184 3241 4252; x_wconf 71' lang='grc' dir='ltr'>συνῆψε,</span> <span class='ocrx_word' id='word_1_705' title='bbox 3287 4200 3303 4232; x_wconf 85' lang='grc' dir='ltr'><strong>ι</strong></span> <span class='ocrx_word' id='word_1_706' title='bbox 3348 4185 3457 4236; x_wconf 71' lang='grc' dir='ltr'><strong>Καὶ</strong></span> <span class='ocrx_word' id='word_1_707' title='bbox 3487 4185 3597 4245; x_wconf 78' lang='grc' dir='ltr'>πᾶς</span> 
     </span>
    </p>
   </div>
   <div class='ocr_carea' id='block_1_87' title="bbox 2028 4276 3598 4352">
    <p class='ocr_par' dir='ltr' id='par_1_87' title="bbox 2028 4276 3598 4352">
     <span class='ocr_line' id='line_1_87' title="bbox 2028 4276 3598 4352; baseline -0.006 -15"><span class='ocrx_word' id='word_1_708' title='bbox 2028 4286 2055 4337; x_wconf 93' lang='lat'><strong>6</strong></span> <span class='ocrx_word' id='word_1_709' title='bbox 2087 4282 2316 4352; x_wconf 83' lang='grc' dir='ltr'>ἀγαπῶν</span> <span class='ocrx_word' id='word_1_710' title='bbox 2347 4284 2410 4334; x_wconf 84' lang='grc' dir='ltr'>ὲκ</span> <span class='ocrx_word' id='word_1_711' title='bbox 2444 4278 2705 4333; x_wconf 85' lang='grc' dir='ltr'>τοῦ-Θεοῦ</span> <span class='ocrx_word' id='word_1_712' title='bbox 2746 4276 3035 4347; x_wconf 71' lang='grc' dir='ltr'>ἐγεννήθηο</span> <span class='ocrx_word' id='word_1_713' title='bbox 3062 4279 3089 4330; x_wconf 96' lang='lat'><strong>6</strong></span> <span class='ocrx_word' id='word_1_714' title='bbox 3139 4278 3195 4328; x_wconf 80' lang='grc' dir='ltr'><strong>δὲ</strong></span> <span class='ocrx_word' id='word_1_715' title='bbox 3251 4276 3324 4345; x_wconf 83' lang='grc' dir='ltr'>μὴ</span> <span class='ocrx_word' id='word_1_716' title='bbox 3364 4277 3598 4343; x_wconf 80' lang='grc' dir='ltr'>ἀγαπῶν</span> 
     </span>
    </p>
   </div>
   <div class='ocr_carea' id='block_1_88' title="bbox 2029 4366 3598 4441">
    <p class='ocr_par' dir='ltr' id='par_1_88' title="bbox 2029 4366 3598 4441">
     <span class='ocr_line' id='line_1_88' title="bbox 2029 4366 3598 4441; baseline -0.007 -13"><span class='ocrx_word' id='word_1_717' title='bbox 2029 4376 2134 4428; x_wconf 76' lang='grc' dir='ltr'><strong>οὐκ</strong></span> <span class='ocrx_word' id='word_1_718' title='bbox 2166 4375 2308 4441; x_wconf 77' lang='grc' dir='ltr'>ἔγνω</span> <span class='ocrx_word' id='word_1_719' title='bbox 2339 4373 2429 4425; x_wconf 86' lang='grc' dir='ltr'><strong>τὸν</strong></span> <span class='ocrx_word' id='word_1_720' title='bbox 2453 4370 2609 4433; x_wconf 87' lang='grc' dir='ltr'>Θεὸν,</span> <span class='ocrx_word' id='word_1_721' title='bbox 2646 4370 2728 4423; x_wconf 83' lang='grc' dir='ltr'>ὅτι</span> <span class='ocrx_word' id='word_1_722' title='bbox 2768 4370 2796 4423; x_wconf 91' lang='lat'><strong>6</strong></span> <span class='ocrx_word' id='word_1_723' title='bbox 2818 4368 2953 4430; x_wconf 86' lang='grc' dir='ltr'>Θεὸς</span> <span class='ocrx_word' id='word_1_724' title='bbox 2986 4370 3177 4439; x_wconf 81' lang='grc' dir='ltr'>ἀγάπη</span> <span class='ocrx_word' id='word_1_725' title='bbox 3210 4366 3379 4421; x_wconf 72' lang='grc' dir='ltr'>ἐστίν.</span> <span class='ocrx_word' id='word_1_726' title='bbox 3421 4387 3438 4417; x_wconf 75' lang='grc' dir='ltr'><strong>ι</strong></span> <span class='ocrx_word' id='word_1_727' title='bbox 3480 4367 3598 4419; x_wconf 84' lang='grc' dir='ltr'><strong>Ἐν-</strong></span> 
     </span>
    </p>
   </div>
   <div class='ocr_carea' id='block_1_89' title="bbox 358 4459 3597 4537">
    <p class='ocr_par' dir='ltr' id='par_1_89' title="bbox 358 4459 3597 4537">
     <span class='ocr_line' id='line_1_89' title="bbox 358 4459 3597 4537; baseline -0.002 -22"><span class='ocrx_word' id='word_1_728' title='bbox 358 4471 486 4537; x_wconf 78' lang='grc' dir='ltr'>περὶ</span> <span class='ocrx_word' id='word_1_729' title='bbox 533 4465 688 4531; x_wconf 65' lang='grc' dir='ltr'>ἐμοῦ.</span> <span class='ocrx_word' id='word_1_730' title='bbox 718 4483 735 4514; x_wconf 76' lang='grc' dir='ltr'><strong>ι</strong></span> <span class='ocrx_word' id='word_1_731' title='bbox 789 4462 1055 4516; x_wconf 81' lang='grc' dir='ltr'>Ἐνταῦθα</span> <span class='ocrx_word' id='word_1_732' title='bbox 1078 4462 1184 4532; x_wconf 81' lang='grc' dir='ltr'>γὰρ</span> <span class='ocrx_word' id='word_1_733' title='bbox 1214 4460 1377 4514; x_wconf 83' lang='grc' dir='ltr'>πάλιν</span> <span class='ocrx_word' id='word_1_734' title='bbox 1405 4464 1464 4515; x_wconf 86' lang='grc' dir='ltr'><strong>τὸ</strong></span> <span class='ocrx_word' id='word_1_735' title='bbox 1495 4464 1601 4515; x_wconf 86' lang='grc' dir='ltr'><strong>τῶν</strong></span> <span class='ocrx_word' id='word_1_736' title='bbox 1630 4466 1924 4533; x_wconf 75' lang='grc' dir='ltr'>προφητῶν</span> <span class='ocrx_word' id='word_1_737' title='bbox 1956 4459 2001 4509; x_wconf 77' lang='grc' dir='ltr'><strong>ι)</strong></span> <span class='ocrx_word' id='word_1_738' title='bbox 2028 4468 2205 4522; x_wconf 84' lang='grc' dir='ltr'>ταῦθα</span> <span class='ocrx_word' id='word_1_739' title='bbox 2237 4466 2590 4534; x_wconf 75' lang='grc' dir='ltr'>ἐφανέρωσεν</span> <span class='ocrx_word' id='word_1_740' title='bbox 2621 4463 2822 4516; x_wconf 81' lang='grc' dir='ltr'>ἑαυτὸν</span> <span class='ocrx_word' id='word_1_741' title='bbox 2859 4461 3031 4531; x_wconf 81' lang='grc' dir='ltr'>αὐτὴν</span> <span class='ocrx_word' id='word_1_742' title='bbox 3063 4461 3346 4530; x_wconf 87' lang='grc' dir='ltr'>είρηκέναι</span> <span class='ocrx_word' id='word_1_743' title='bbox 3374 4460 3597 4529; x_wconf 81' lang='grc' dir='ltr'>ἀγάπην</span> 
     </span>
    </p>
   </div>
   <div class='ocr_carea' id='block_1_90' title="bbox 356 4540 1925 4627">
    <p class='ocr_par' dir='ltr' id='par_1_90' title="bbox 356 4540 1925 4627">
     <span class='ocr_line' id='line_1_90' title="bbox 356 4540 1925 4627; baseline 0 -17"><span class='ocrx_word' id='word_1_744' title='bbox 356 4560 547 4625; x_wconf 76' lang='grc' dir='ltr'>δνομα,</span> <span class='ocrx_word' id='word_1_745' title='bbox 579 4557 983 4625; x_wconf 82' lang='grc' dir='ltr'>ἐξαιρουμένων</span> <span class='ocrx_word' id='word_1_746' title='bbox 1044 4554 1151 4606; x_wconf 87' lang='grc' dir='ltr'><strong>τῶν</strong></span> <span class='ocrx_word' id='word_1_747' title='bbox 1205 4554 1471 4624; x_wconf 76' lang='grc' dir='ltr'>ψαλμῶν,</span> <span class='ocrx_word' id='word_1_748' title='bbox 1507 4556 1747 4608; x_wconf 82' lang='grc' dir='ltr'>νοεῖσθαι</span> <span class='ocrx_word' id='word_1_749' title='bbox 1802 4540 1925 4627; x_wconf 74' lang='grc' dir='ltr'>ἠθέ-</span> 
     </span>
    </p>
   </div>
   <div class='ocr_carea' id='block_1_91' title="bbox 355 4646 1925 4720">
    <p class='ocr_par' dir='ltr' id='par_1_91' title="bbox 355 4646 1925 4720">
     <span class='ocr_line' id='line_1_91' title="bbox 355 4646 1925 4720; baseline -0.001 -17"><span class='ocrx_word' id='word_1_750' title='bbox 355 4653 510 4720; x_wconf 81' lang='grc' dir='ltr'>λησε.</span> <span class='ocrx_word' id='word_1_751' title='bbox 544 4650 777 4716; x_wconf 83' lang='grc' dir='ltr'>Λέγεται</span> <span class='ocrx_word' id='word_1_752' title='bbox 808 4648 916 4716; x_wconf 86' lang='grc' dir='ltr'>ἄρα</span> <span class='ocrx_word' id='word_1_753' title='bbox 949 4648 1112 4715; x_wconf 84' lang='grc' dir='ltr'>νόμος</span> <span class='ocrx_word' id='word_1_754' title='bbox 1164 4646 1470 4709; x_wconf 82' lang='grc' dir='ltr'>καθολικῶς</span> <span class='ocrx_word' id='word_1_755' title='bbox 1503 4648 1599 4700; x_wconf 81' lang='grc' dir='ltr'><strong>σὺν</strong></span> <span class='ocrx_word' id='word_1_756' title='bbox 1629 4651 1740 4711; x_wconf 84' lang='grc' dir='ltr'>τοῖς</span> <span class='ocrx_word' id='word_1_757' title='bbox 1790 4668 1925 4717; x_wconf 79' lang='grc' dir='ltr'>προ-</span> 
     </span>
    </p>
   </div>
   <div class='ocr_carea' id='block_1_92' title="bbox 355 4742 1924 4817">
    <p class='ocr_par' dir='ltr' id='par_1_92' title="bbox 355 4742 1924 4817">
     <span class='ocr_line' id='line_1_92' title="bbox 355 4742 1924 4817; baseline -0.003 -17"><span class='ocrx_word' id='word_1_758' title='bbox 355 4752 552 4817; x_wconf 69' lang='grc' dir='ltr'>φήταις</span> <span class='ocrx_word' id='word_1_759' title='bbox 598 4746 694 4798; x_wconf 72' lang='grc' dir='ltr'>καὶ</span> <span class='ocrx_word' id='word_1_760' title='bbox 718 4745 975 4814; x_wconf 77' lang='grc' dir='ltr'>ψαλμοῖς.</span> <span class='ocrx_word' id='word_1_761' title='bbox 995 4744 1232 4810; x_wconf 84' lang='grc' dir='ltr'>Λέγεται</span> <span class='ocrx_word' id='word_1_762' title='bbox 1263 4744 1359 4797; x_wconf 77' lang='grc' dir='ltr'>καὶ</span> <span class='ocrx_word' id='word_1_763' title='bbox 1386 4743 1588 4813; x_wconf 86' lang='grc' dir='ltr'>κυρίως</span> <span class='ocrx_word' id='word_1_764' title='bbox 1622 4746 1648 4795; x_wconf 89' lang='grc' dir='ltr'>ὁ</span> <span class='ocrx_word' id='word_1_765' title='bbox 1676 4742 1760 4796; x_wconf 72' lang='grc' dir='ltr'><strong>διὰ</strong></span> <span class='ocrx_word' id='word_1_766' title='bbox 1796 4745 1924 4796; x_wconf 82' lang='grc' dir='ltr'><strong>Μω-</strong></span> 
     </span>
    </p>
   </div>
   <div class='ocr_carea' id='block_1_93' title="bbox 2026 4549 3599 4627">
    <p class='ocr_par' dir='ltr' id='par_1_93' title="bbox 2026 4549 3599 4627">
     <span class='ocr_line' id='line_1_93' title="bbox 2026 4549 3599 4627; baseline -0.007 -15"><span class='ocrx_word' id='word_1_767' title='bbox 2026 4561 2117 4613; x_wconf 86' lang='grc' dir='ltr'><strong>τὸν</strong></span> <span class='ocrx_word' id='word_1_768' title='bbox 2146 4559 2301 4621; x_wconf 87' lang='grc' dir='ltr'>Θεὸν,</span> <span class='ocrx_word' id='word_1_769' title='bbox 2337 4559 2401 4627; x_wconf 77' lang='grc' dir='ltr'>ἢν</span> <span class='ocrx_word' id='word_1_770' title='bbox 2434 4554 2588 4608; x_wconf 79' lang='grc' dir='ltr'>εἶπεν</span> <span class='ocrx_word' id='word_1_771' title='bbox 2622 4557 2687 4608; x_wconf 76' lang='grc' dir='ltr'>ἐκ</span> <span class='ocrx_word' id='word_1_772' title='bbox 2715 4554 2809 4608; x_wconf 89' lang='grc' dir='ltr'><strong>τοῦ</strong></span> <span class='ocrx_word' id='word_1_773' title='bbox 2862 4553 3022 4606; x_wconf 81' lang='grc' dir='ltr'>Θεοῦ.</span> <span class='ocrx_word' id='word_1_774' title='bbox 3072 4552 3203 4609; x_wconf 76' lang='grc' dir='ltr'>Θεὸς</span> <span class='ocrx_word' id='word_1_775' title='bbox 3234 4554 3341 4621; x_wconf 86' lang='grc' dir='ltr'><strong>ἀρα</strong></span> <span class='ocrx_word' id='word_1_776' title='bbox 3372 4554 3432 4602; x_wconf 83' lang='grc' dir='ltr'><strong>ἐκ</strong></span> <span class='ocrx_word' id='word_1_777' title='bbox 3461 4549 3599 4601; x_wconf 85' lang='grc' dir='ltr'>Θεοῦ</span> 
     </span>
    </p>
   </div>
   <div class='ocr_carea' id='block_1_94' title="bbox 2025 4640 3599 4721">
    <p class='ocr_par' dir='ltr' id='par_1_94' title="bbox 2025 4640 3599 4721">
     <span class='ocr_line' id='line_1_94' title="bbox 2025 4640 3599 4721; baseline -0.007 -17"><span class='ocrx_word' id='word_1_778' title='bbox 2025 4655 2175 4704; x_wconf 79' lang='grc' dir='ltr'>ἐστιν</span> <span class='ocrx_word' id='word_1_779' title='bbox 2225 4652 2258 4721; x_wconf 83' lang='grc' dir='ltr'>ἡ</span> <span class='ocrx_word' id='word_1_780' title='bbox 2304 4652 2490 4718; x_wconf 85' lang='grc' dir='ltr'>ἀγάπη</span> <span class='ocrx_word' id='word_1_781' title='bbox 2517 4665 2531 4678; x_wconf 75' lang='grc' dir='ltr'><strong><em>ο</em></strong></span> <span class='ocrx_word' id='word_1_782' title='bbox 2571 4644 2689 4701; x_wconf 86' lang='grc' dir='ltr'>ἀλλ’</span> <span class='ocrx_word' id='word_1_783' title='bbox 2719 4648 2843 4701; x_wconf 77' lang='grc' dir='ltr'>ἐπεὶ</span> <span class='ocrx_word' id='word_1_784' title='bbox 2886 4646 2981 4697; x_wconf 73' lang='grc' dir='ltr'>καὶ</span> <span class='ocrx_word' id='word_1_785' title='bbox 3011 4648 3039 4698; x_wconf 89' lang='grc' dir='ltr'><strong>ό</strong></span> <span class='ocrx_word' id='word_1_786' title='bbox 3073 4644 3198 4707; x_wconf 89' lang='grc' dir='ltr'>Υἱὸς</span> <span class='ocrx_word' id='word_1_787' title='bbox 3246 4646 3307 4696; x_wconf 82' lang='grc' dir='ltr'>ὲκ</span> <span class='ocrx_word' id='word_1_788' title='bbox 3336 4642 3430 4694; x_wconf 89' lang='grc' dir='ltr'><strong>τοῦ</strong></span> <span class='ocrx_word' id='word_1_789' title='bbox 3458 4640 3599 4694; x_wconf 82' lang='grc' dir='ltr'>Θεοῦ</span> 
     </span>
    </p>
   </div>
   <div class='ocr_carea' id='block_1_95' title="bbox 2029 4734 3597 4809">
    <p class='ocr_par' dir='ltr' id='par_1_95' title="bbox 2029 4734 3597 4809">
     <span class='ocr_line' id='line_1_95' title="bbox 2029 4734 3597 4809; baseline -0.008 -13"><span class='ocrx_word' id='word_1_790' title='bbox 2029 4744 2124 4796; x_wconf 76' lang='grc' dir='ltr'><strong>καὶ</strong></span> <span class='ocrx_word' id='word_1_791' title='bbox 2160 4742 2370 4809; x_wconf 91' lang='grc' dir='ltr'>Πατρὸς</span> <span class='ocrx_word' id='word_1_792' title='bbox 2397 4739 2685 4808; x_wconf 78' lang='grc' dir='ltr'>ἐγεννήθη,</span> <span class='ocrx_word' id='word_1_793' title='bbox 2716 4739 2811 4791; x_wconf 70' lang='grc' dir='ltr'><strong>καὶ</strong></span> <span class='ocrx_word' id='word_1_794' title='bbox 2856 4738 2917 4789; x_wconf 87' lang='grc' dir='ltr'><strong>τὸ</strong></span> <span class='ocrx_word' id='word_1_795' title='bbox 2975 4736 3195 4805; x_wconf 84' lang='grc' dir='ltr'>Πνεῦμα</span> <span class='ocrx_word' id='word_1_796' title='bbox 3240 4735 3298 4788; x_wconf 87' lang='grc' dir='ltr'><strong>τὸ</strong></span> <span class='ocrx_word' id='word_1_797' title='bbox 3342 4734 3496 4801; x_wconf 77' lang='grc' dir='ltr'>ἅγιον</span> <span class='ocrx_word' id='word_1_798' title='bbox 3531 4734 3597 4785; x_wconf 84' lang='grc' dir='ltr'>ὲκ</span> 
     </span>
    </p>
   </div>
   <div class='ocr_carea' id='block_1_96' title="bbox 356 4824 3590 4905">
    <p class='ocr_par' dir='ltr' id='par_1_96' title="bbox 356 4824 3590 4905">
     <span class='ocr_line' id='line_1_96' title="bbox 356 4824 3590 4905; baseline -0.005 -14"><span class='ocrx_word' id='word_1_799' title='bbox 356 4841 491 4901; x_wconf 83' lang='grc' dir='ltr'>σέως</span> <span class='ocrx_word' id='word_1_800' title='bbox 537 4837 735 4897; x_wconf 75' lang='grc' dir='ltr'>δοθείς.</span> <span class='ocrx_word' id='word_1_801' title='bbox 769 4837 890 4889; x_wconf 86' lang='grc' dir='ltr'>Ἔτι</span> <span class='ocrx_word' id='word_1_802' title='bbox 923 4837 1173 4903; x_wconf 86' lang='grc' dir='ltr'>λέγονται</span> <span class='ocrx_word' id='word_1_803' title='bbox 1206 4836 1398 4898; x_wconf 85' lang='grc' dir='ltr'>κοινῶς</span> <span class='ocrx_word' id='word_1_804' title='bbox 1431 4837 1481 4887; x_wconf 79' lang='lat' dir='ltr'><strong>oi</strong></span> <span class='ocrx_word' id='word_1_805' title='bbox 1511 4835 1790 4905; x_wconf 83' lang='grc' dir='ltr'>προφῆται</span> <span class='ocrx_word' id='word_1_806' title='bbox 1825 4836 1922 4889; x_wconf 85' lang='grc' dir='ltr'><strong>σὺν</strong></span> <span class='ocrx_word' id='word_1_807' title='bbox 2022 4834 2118 4888; x_wconf 80' lang='grc' dir='ltr'><strong>τοῦ</strong></span> <span class='ocrx_word' id='word_1_808' title='bbox 2178 4832 2313 4886; x_wconf 83' lang='grc' dir='ltr'>Θεοῦ</span> <span class='ocrx_word' id='word_1_809' title='bbox 2373 4832 2467 4885; x_wconf 82' lang='grc' dir='ltr'>καὶ</span> <span class='ocrx_word' id='word_1_810' title='bbox 2517 4830 2729 4900; x_wconf 84' lang='grc' dir='ltr'>Πατρὸς</span> <span class='ocrx_word' id='word_1_811' title='bbox 2784 4828 3172 4897; x_wconf 71' lang='grc' dir='ltr'>ἐκπορεύεται,</span> <span class='ocrx_word' id='word_1_812' title='bbox 3214 4827 3333 4877; x_wconf 89' lang='grc' dir='ltr'>τίνα</span> <span class='ocrx_word' id='word_1_813' title='bbox 3381 4824 3590 4877; x_wconf 76' lang='grc' dir='ltr'>τούτων</span> 
     </span>
    </p>
   </div>
   <div class='ocr_carea' id='block_1_97' title="bbox 352 4927 1923 5000">
    <p class='ocr_par' dir='ltr' id='par_1_97' title="bbox 352 4927 1923 5000">
     <span class='ocr_line' id='line_1_97' title="bbox 352 4927 1923 5000; baseline -0.003 -17"><span class='ocrx_word' id='word_1_814' title='bbox 352 4934 462 4993; x_wconf 68' lang='grc' dir='ltr'>τοῖς</span> <span class='ocrx_word' id='word_1_815' title='bbox 495 4931 748 5000; x_wconf 77' lang='grc' dir='ltr'>ψαλμοῖς.</span> <span class='ocrx_word' id='word_1_816' title='bbox 778 4930 1037 4994; x_wconf 88' lang='grc' dir='ltr'>Λέγονται</span> <span class='ocrx_word' id='word_1_817' title='bbox 1062 4928 1118 4979; x_wconf 77' lang='grc' dir='ltr'><strong>δὲ</strong></span> <span class='ocrx_word' id='word_1_818' title='bbox 1148 4927 1244 4980; x_wconf 77' lang='grc' dir='ltr'><strong>καὶ</strong></span> <span class='ocrx_word' id='word_1_819' title='bbox 1270 4927 1411 4990; x_wconf 79' lang='grc' dir='ltr'>ἰδίως</span> <span class='ocrx_word' id='word_1_820' title='bbox 1464 4927 1602 4996; x_wconf 84' lang='grc' dir='ltr'>πλὴν</span> <span class='ocrx_word' id='word_1_821' title='bbox 1646 4928 1755 4981; x_wconf 88' lang='grc' dir='ltr'><strong>τῶν</strong></span> <span class='ocrx_word' id='word_1_822' title='bbox 1788 4927 1923 4996; x_wconf 78' lang='grc' dir='ltr'>ψαλ-</span> 
     </span>
    </p>
   </div>
   <div class='ocr_carea' id='block_1_98' title="bbox 357 5018 1923 5092">
    <p class='ocr_par' dir='ltr' id='par_1_98' title="bbox 357 5018 1923 5092">
     <span class='ocr_line' id='line_1_98' title="bbox 357 5018 1923 5092; baseline -0.003 -19"><span class='ocrx_word' id='word_1_823' title='bbox 357 5022 611 5092; x_wconf 75' lang='grc' dir='ltr'>μῶν.Καὶ</span> <span class='ocrx_word' id='word_1_824' title='bbox 636 5020 849 5083; x_wconf 84' lang='grc' dir='ltr'>πολλοῖς</span> <span class='ocrx_word' id='word_1_825' title='bbox 867 5020 923 5072; x_wconf 80' lang='grc' dir='ltr'>δὲ</span> <span class='ocrx_word' id='word_1_826' title='bbox 950 5020 1355 5089; x_wconf 82' lang='grc' dir='ltr'>παραδείγμασι</span> <span class='ocrx_word' id='word_1_827' title='bbox 1376 5021 1470 5072; x_wconf 71' lang='grc' dir='ltr'><strong>καὶ</strong></span> <span class='ocrx_word' id='word_1_828' title='bbox 1494 5018 1671 5080; x_wconf 78' lang='grc' dir='ltr'>ἄλλοις</span> <span class='ocrx_word' id='word_1_829' title='bbox 1693 5018 1923 5071; x_wconf 77' lang='grc' dir='ltr'>δυνατὸν</span> 
     </span>
    </p>
   </div>
   <div class='ocr_carea' id='block_1_99' title="bbox 354 5110 1920 5182">
    <p class='ocr_par' dir='ltr' id='par_1_99' title="bbox 354 5110 1920 5182">
     <span class='ocr_line' id='line_1_99' title="bbox 354 5110 1920 5182; baseline -0.003 -17"><span class='ocrx_word' id='word_1_830' title='bbox 354 5114 500 5182; x_wconf 64' lang='grc' dir='ltr'>ἡμᾶς</span> <span class='ocrx_word' id='word_1_831' title='bbox 528 5113 753 5180; x_wconf 89' lang='grc' dir='ltr'>γνῶναι,</span> <span class='ocrx_word' id='word_1_832' title='bbox 782 5112 856 5174; x_wconf 86' lang='grc' dir='ltr'>ὼς</span> <span class='ocrx_word' id='word_1_833' title='bbox 898 5111 1112 5163; x_wconf 87' lang='grc' dir='ltr'>πολλῶν</span> <span class='ocrx_word' id='word_1_834' title='bbox 1146 5111 1491 5180; x_wconf 86' lang='grc' dir='ltr'>πραγμάτων</span> <span class='ocrx_word' id='word_1_835' title='bbox 1535 5112 1776 5178; x_wconf 77' lang='grc' dir='ltr'>ὀνόματα</span> <span class='ocrx_word' id='word_1_836' title='bbox 1827 5110 1920 5161; x_wconf 77' lang='grc' dir='ltr'>καὶ</span> 
     </span>
    </p>
   </div>
   <div class='ocr_carea' id='block_1_100' title="bbox 353 5202 1915 5268">
    <p class='ocr_par' dir='ltr' id='par_1_100' title="bbox 353 5202 1915 5268">
     <span class='ocr_line' id='line_1_100' title="bbox 353 5202 1915 5268; baseline -0.004 -11"><span class='ocrx_word' id='word_1_837' title='bbox 353 5202 661 5265; x_wconf 79' lang='grc' dir='ltr'>καθολικῶς</span> <span class='ocrx_word' id='word_1_838' title='bbox 693 5202 976 5266; x_wconf 70' lang='grc' dir='ltr'>τίθεσθαι,</span> <span class='ocrx_word' id='word_1_839' title='bbox 1016 5204 1111 5254; x_wconf 72' lang='grc' dir='ltr'>καὶ</span> <span class='ocrx_word' id='word_1_840' title='bbox 1148 5203 1293 5264; x_wconf 75' lang='grc' dir='ltr'>ἰδίως</span> <span class='ocrx_word' id='word_1_841' title='bbox 1326 5202 1470 5254; x_wconf 72' lang='grc' dir='ltr'>τισὶν</span> <span class='ocrx_word' id='word_1_842' title='bbox 1503 5202 1874 5268; x_wconf 69' lang='grc' dir='ltr'>άπονέμεσθαι</span> <span class='ocrx_word' id='word_1_843' title='bbox 1902 5218 1915 5232; x_wconf 92' lang='grc'><strong>·</strong></span> 
     </span>
    </p>
   </div>
   <div class='ocr_carea' id='block_1_101' title="bbox 355 5293 1916 5364">
    <p class='ocr_par' dir='ltr' id='par_1_101' title="bbox 355 5293 1916 5364">
     <span class='ocr_line' id='line_1_101' title="bbox 355 5293 1916 5364; baseline -0.001 -17"><span class='ocrx_word' id='word_1_844' title='bbox 355 5298 402 5347; x_wconf 84' lang='grc' dir='ltr'>εἰ</span> <span class='ocrx_word' id='word_1_845' title='bbox 436 5296 507 5364; x_wconf 80' lang='grc' dir='ltr'><strong>μὴ</strong></span> <span class='ocrx_word' id='word_1_846' title='bbox 537 5296 595 5347; x_wconf 74' lang='grc' dir='ltr'><strong>ἐν</strong></span> <span class='ocrx_word' id='word_1_847' title='bbox 632 5296 918 5363; x_wconf 82' lang='grc' dir='ltr'>πράγματι</span> <span class='ocrx_word' id='word_1_848' title='bbox 951 5294 1174 5363; x_wconf 78' lang='grc' dir='ltr'>φανερῷ</span> <span class='ocrx_word' id='word_1_849' title='bbox 1209 5294 1577 5361; x_wconf 81' lang='grc' dir='ltr'>φυλάττεσθαι</span> <span class='ocrx_word' id='word_1_850' title='bbox 1612 5293 1718 5361; x_wconf 73' lang='grc' dir='ltr'><strong>χρὴ</strong></span> <span class='ocrx_word' id='word_1_851' title='bbox 1745 5293 1802 5344; x_wconf 83' lang='grc' dir='ltr'><strong>τὸ</strong></span> <span class='ocrx_word' id='word_1_852' title='bbox 1822 5293 1916 5346; x_wconf 89' lang='grc' dir='ltr'><strong>τοῦ</strong></span> 
     </span>
    </p>
   </div>
   <div class='ocr_carea' id='block_1_102' title="bbox 352 5382 1920 5455">
    <p class='ocr_par' dir='ltr' id='par_1_102' title="bbox 352 5382 1920 5455">
     <span class='ocr_line' id='line_1_102' title="bbox 352 5382 1920 5455; baseline 0 -18"><span class='ocrx_word' id='word_1_853' title='bbox 352 5387 512 5453; x_wconf 83' lang='grc' dir='ltr'>λόγου</span> <span class='ocrx_word' id='word_1_854' title='bbox 542 5386 732 5454; x_wconf 78' lang='grc' dir='ltr'>μῆκος.</span> <span class='ocrx_word' id='word_1_855' title='bbox 768 5385 938 5437; x_wconf 86' lang='grc' dir='ltr'>Τοῦτο</span> <span class='ocrx_word' id='word_1_856' title='bbox 984 5385 1038 5437; x_wconf 81' lang='grc' dir='ltr'><strong>δὲ</strong></span> <span class='ocrx_word' id='word_1_857' title='bbox 1080 5385 1169 5437; x_wconf 80' lang='grc' dir='ltr'>διὰ</span> <span class='ocrx_word' id='word_1_858' title='bbox 1206 5385 1348 5437; x_wconf 82' lang='grc' dir='ltr'>τοῦτ’</span> <span class='ocrx_word' id='word_1_859' title='bbox 1383 5382 1555 5447; x_wconf 78' lang='grc' dir='ltr'>εἶπον,</span> <span class='ocrx_word' id='word_1_860' title='bbox 1589 5388 1676 5440; x_wconf 78' lang='grc' dir='ltr'><strong>ἵνα</strong></span> <span class='ocrx_word' id='word_1_861' title='bbox 1728 5388 1800 5455; x_wconf 86' lang='grc' dir='ltr'>μή</span> <span class='ocrx_word' id='word_1_862' title='bbox 1836 5402 1920 5445; x_wconf 86' lang='grc' dir='ltr'><strong>τις</strong></span> 
     </span>
    </p>
   </div>
   <div class='ocr_carea' id='block_1_103' title="bbox 353 5474 1917 5545">
    <p class='ocr_par' dir='ltr' id='par_1_103' title="bbox 353 5474 1917 5545">
     <span class='ocr_line' id='line_1_103' title="bbox 353 5474 1917 5545; baseline 0 -17"><span class='ocrx_word' id='word_1_863' title='bbox 353 5478 499 5545; x_wconf 72' lang='grc' dir='ltr'>ἡμᾶς</span> <span class='ocrx_word' id='word_1_864' title='bbox 531 5476 721 5526; x_wconf 79' lang='grc' dir='ltr'>τούτου</span> <span class='ocrx_word' id='word_1_865' title='bbox 754 5475 916 5545; x_wconf 83' lang='grc' dir='ltr'>χάριν</span> <span class='ocrx_word' id='word_1_866' title='bbox 944 5474 1157 5544; x_wconf 84' lang='grc' dir='ltr'>οἰηθείη</span> <span class='ocrx_word' id='word_1_867' title='bbox 1185 5515 1201 5541; x_wconf 89' lang='grc'><strong>,</strong></span> <span class='ocrx_word' id='word_1_868' title='bbox 1241 5476 1315 5544; x_wconf 85' lang='grc' dir='ltr'>μὴ</span> <span class='ocrx_word' id='word_1_869' title='bbox 1372 5476 1647 5544; x_wconf 82' lang='grc' dir='ltr'>ἁρμοδίως</span> <span class='ocrx_word' id='word_1_870' title='bbox 1697 5478 1917 5544; x_wconf 75' lang='grc' dir='ltr'>ἀγάπην</span> 
     </span>
    </p>
   </div>
   <div class='ocr_carea' id='block_1_104' title="bbox 351 5566 1914 5641">
    <p class='ocr_par' dir='ltr' id='par_1_104' title="bbox 351 5566 1914 5641">
     <span class='ocr_line' id='line_1_104' title="bbox 351 5566 1914 5641; baseline 0.001 -22"><span class='ocrx_word' id='word_1_871' title='bbox 351 5566 790 5636; x_wconf 78' lang='grc' dir='ltr'>προσαγορεύειν</span> <span class='ocrx_word' id='word_1_872' title='bbox 838 5568 899 5620; x_wconf 86' lang='grc' dir='ltr'><strong>τὸ</strong></span> <span class='ocrx_word' id='word_1_873' title='bbox 948 5566 1172 5638; x_wconf 86' lang='grc' dir='ltr'>Πνεῦμα</span> <span class='ocrx_word' id='word_1_874' title='bbox 1206 5568 1268 5621; x_wconf 86' lang='grc' dir='ltr'><strong>τὸ</strong></span> <span class='ocrx_word' id='word_1_875' title='bbox 1304 5568 1490 5636; x_wconf 80' lang='grc' dir='ltr'>ἅγιον,</span> <span class='ocrx_word' id='word_1_876' title='bbox 1526 5570 1709 5641; x_wconf 74' lang='grc' dir='ltr'>ἐπειδὴ</span> <span class='ocrx_word' id='word_1_877' title='bbox 1764 5569 1854 5621; x_wconf 73' lang='grc' dir='ltr'><strong>καὶ</strong></span> <span class='ocrx_word' id='word_1_878' title='bbox 1888 5573 1914 5621; x_wconf 91' lang='grc' dir='ltr'>ὁ</span> 
     </span>
    </p>
   </div>
   <div class='ocr_carea' id='block_1_105' title="bbox 424 5744 1446 5819">
    <p class='ocr_par' dir='ltr' id='par_1_105' title="bbox 424 5744 1446 5819">
     <span class='ocr_line' id='line_1_105' title="bbox 424 5744 1446 5819; baseline -0.008 -13"><span class='ocrx_word' id='word_1_879' title='bbox 424 5753 443 5783; x_wconf 67' lang='grc'><strong>³</strong></span> <span class='ocrx_word' id='word_1_880' title='bbox 475 5750 629 5805; x_wconf 77' lang='lat' dir='ltr'><strong>Joan.</strong></span> <span class='ocrx_word' id='word_1_881' title='bbox 689 5765 778 5813; x_wconf 80' lang='lat' dir='ltr'><strong>xv,</strong></span> <span class='ocrx_word' id='word_1_882' title='bbox 801 5748 890 5803; x_wconf 68' lang='grc' dir='ltr'>εδ.</span> <span class='ocrx_word' id='word_1_883' title='bbox 998 5748 1019 5777; x_wconf 67' lang='grc'><strong>⁸</strong></span> <span class='ocrx_word' id='word_1_884' title='bbox 1057 5747 1186 5819; x_wconf 68' lang='lat' dir='ltr'><strong>Luc.</strong></span> <span class='ocrx_word' id='word_1_885' title='bbox 1220 5760 1328 5812; x_wconf 73' lang='lat' dir='ltr'><strong>xvr,</strong></span> <span class='ocrx_word' id='word_1_886' title='bbox 1362 5744 1446 5798; x_wconf 79' lang='lat'><strong>16.</strong></span> 
     </span>
    </p>
   </div>
   <div class='ocr_carea' id='block_1_106' title="bbox 1554 5743 2081 5802">
    <p class='ocr_par' dir='ltr' id='par_1_106' title="bbox 1554 5743 2081 5802">
     <span class='ocr_line' id='line_1_106' title="bbox 1554 5743 2081 5802; baseline -0.002 -5"><span class='ocrx_word' id='word_1_887' title='bbox 1554 5745 1573 5774; x_wconf 84' lang='lat'><strong><em>&quot;</em></strong></span> <span class='ocrx_word' id='word_1_888' title='bbox 1601 5743 1784 5799; x_wconf 79' lang='lat' dir='ltr'><strong>Matth.</strong></span> <span class='ocrx_word' id='word_1_889' title='bbox 1822 5763 1930 5802; x_wconf 54' lang='grc' dir='ltr'>χχιι</span> <span class='ocrx_word' id='word_1_890' title='bbox 1997 5746 2081 5799; x_wconf 70' lang='grc'><strong>40.</strong></span> 
     </span>
    </p>
   </div>
   <div class='ocr_carea' id='block_1_107' title="bbox 2035 4916 3597 4991">
    <p class='ocr_par' dir='ltr' id='par_1_107' title="bbox 2035 4916 3597 4991">
     <span class='ocr_line' id='line_1_107' title="bbox 2035 4916 3597 4991; baseline -0.006 -15"><span class='ocrx_word' id='word_1_891' title='bbox 2035 4923 2235 4991; x_wconf 82' lang='grc' dir='ltr'>μᾶλλον</span> <span class='ocrx_word' id='word_1_892' title='bbox 2266 4919 2501 4973; x_wconf 78' lang='grc' dir='ltr'>ἐνταῦθα</span> <span class='ocrx_word' id='word_1_893' title='bbox 2536 4918 2790 4972; x_wconf 77' lang='grc' dir='ltr'>ἐκλαϐεῖν</span> <span class='ocrx_word' id='word_1_894' title='bbox 2821 4918 3118 4987; x_wconf 82' lang='grc' dir='ltr'>ὀφείλομεν</span> <span class='ocrx_word' id='word_1_895' title='bbox 3153 4916 3412 4987; x_wconf 78' lang='grc' dir='ltr'>εἰρῆσθαι</span> <span class='ocrx_word' id='word_1_896' title='bbox 3450 4916 3597 4983; x_wconf 85' lang='grc' dir='ltr'>’ἀγά-</span> 
     </span>
    </p>
   </div>
   <div class='ocr_carea' id='block_1_108' title="bbox 2030 5008 3600 5083">
    <p class='ocr_par' dir='ltr' id='par_1_108' title="bbox 2030 5008 3600 5083">
     <span class='ocr_line' id='line_1_108' title="bbox 2030 5008 3600 5083; baseline -0.006 -15"><span class='ocrx_word' id='word_1_897' title='bbox 2030 5034 2141 5083; x_wconf 77' lang='grc' dir='ltr'><strong>πην</strong></span> <span class='ocrx_word' id='word_1_898' title='bbox 2164 5015 2252 5069; x_wconf 70' lang='grc' dir='ltr'><strong>τὸν</strong></span> <span class='ocrx_word' id='word_1_899' title='bbox 2289 5016 2442 5078; x_wconf 82' lang='grc' dir='ltr'>Θεὸν,</span> <span class='ocrx_word' id='word_1_900' title='bbox 2476 5012 2703 5074; x_wconf 85' lang='grc' dir='ltr'>δικαίως</span> <span class='ocrx_word' id='word_1_901' title='bbox 2734 5011 3007 5081; x_wconf 77' lang='grc' dir='ltr'>ζητεῖται.</span> <span class='ocrx_word' id='word_1_902' title='bbox 3047 5010 3107 5064; x_wconf 80' lang='grc'><strong>’0</strong></span> <span class='ocrx_word' id='word_1_903' title='bbox 3142 5011 3250 5080; x_wconf 77' lang='grc' dir='ltr'>γὰρ</span> <span class='ocrx_word' id='word_1_904' title='bbox 3286 5008 3600 5076; x_wconf 35' lang='grc' dir='ltr'>Πατὴρξμό-</span> 
     </span>
    </p>
   </div>
   <div class='ocr_carea' id='block_1_109' title="bbox 2030 5098 3595 5175">
    <p class='ocr_par' dir='ltr' id='par_1_109' title="bbox 2030 5098 3595 5175">
     <span class='ocr_line' id='line_1_109' title="bbox 2030 5098 3595 5175; baseline -0.008 -13"><span class='ocrx_word' id='word_1_905' title='bbox 2030 5128 2115 5173; x_wconf 88' lang='grc' dir='ltr'><strong>νος</strong></span> <span class='ocrx_word' id='word_1_906' title='bbox 2140 5112 2287 5162; x_wconf 71' lang='grc' dir='ltr'>ἐστὶν</span> <span class='ocrx_word' id='word_1_907' title='bbox 2324 5107 2467 5160; x_wconf 77' lang='grc' dir='ltr'>οὕτω</span> <span class='ocrx_word' id='word_1_908' title='bbox 2501 5107 2651 5171; x_wconf 86' lang='grc' dir='ltr'>Θεὸς,</span> <span class='ocrx_word' id='word_1_909' title='bbox 2684 5106 2758 5168; x_wconf 82' lang='grc' dir='ltr'><strong>ὡς</strong></span> <span class='ocrx_word' id='word_1_910' title='bbox 2798 5106 2872 5175; x_wconf 80' lang='grc' dir='ltr'><strong>μὴ</strong></span> <span class='ocrx_word' id='word_1_911' title='bbox 2926 5108 2989 5157; x_wconf 84' lang='grc' dir='ltr'><strong>ἑκ</strong></span> <span class='ocrx_word' id='word_1_912' title='bbox 3034 5104 3171 5155; x_wconf 83' lang='grc' dir='ltr'>Θεοῦ</span> <span class='ocrx_word' id='word_1_913' title='bbox 3200 5098 3359 5165; x_wconf 74' lang='grc' dir='ltr'>εἶναι,</span> <span class='ocrx_word' id='word_1_914' title='bbox 3386 5100 3476 5152; x_wconf 73' lang='grc' dir='ltr'>καὶ</span> <span class='ocrx_word' id='word_1_915' title='bbox 3508 5100 3595 5150; x_wconf 72' lang='grc' dir='ltr'><strong>διὰ</strong></span> 
     </span>
    </p>
   </div>
   <div class='ocr_carea' id='block_1_110' title="bbox 2030 5191 3594 5270">
    <p class='ocr_par' dir='ltr' id='par_1_110' title="bbox 2030 5191 3594 5270">
     <span class='ocr_line' id='line_1_110' title="bbox 2030 5191 3594 5270; baseline -0.009 -15"><span class='ocrx_word' id='word_1_916' title='bbox 2030 5204 2202 5257; x_wconf 86' lang='grc' dir='ltr'>ταῦτα</span> <span class='ocrx_word' id='word_1_917' title='bbox 2236 5203 2268 5270; x_wconf 80' lang='grc' dir='ltr'>ἡ</span> <span class='ocrx_word' id='word_1_918' title='bbox 2322 5200 2535 5265; x_wconf 81' lang='grc' dir='ltr'>ἀγάπη,</span> <span class='ocrx_word' id='word_1_919' title='bbox 2567 5199 2686 5267; x_wconf 81' lang='grc' dir='ltr'>ἥτις</span> <span class='ocrx_word' id='word_1_920' title='bbox 2730 5198 2875 5250; x_wconf 81' lang='grc' dir='ltr'>οῦτω</span> <span class='ocrx_word' id='word_1_921' title='bbox 2907 5196 3037 5257; x_wconf 85' lang='grc' dir='ltr'>Θεός</span> <span class='ocrx_word' id='word_1_922' title='bbox 3070 5197 3239 5257; x_wconf 82' lang='grc' dir='ltr'>ἐστιν,</span> <span class='ocrx_word' id='word_1_923' title='bbox 3272 5194 3346 5254; x_wconf 81' lang='grc' dir='ltr'>ὡς</span> <span class='ocrx_word' id='word_1_924' title='bbox 3393 5194 3453 5242; x_wconf 80' lang='grc' dir='ltr'><strong>ἐκ</strong></span> <span class='ocrx_word' id='word_1_925' title='bbox 3501 5191 3594 5242; x_wconf 86' lang='grc' dir='ltr'><strong>τοῦ</strong></span> 
     </span>
    </p>
   </div>
   <div class='ocr_carea' id='block_1_111' title="bbox 2030 5284 3591 5361">
    <p class='ocr_par' dir='ltr' id='par_1_111' title="bbox 2030 5284 3591 5361">
     <span class='ocr_line' id='line_1_111' title="bbox 2030 5284 3591 5361; baseline -0.011 -12"><span class='ocrx_word' id='word_1_926' title='bbox 2030 5296 2165 5349; x_wconf 87' lang='grc' dir='ltr'>Θεοῦ</span> <span class='ocrx_word' id='word_1_927' title='bbox 2202 5292 2364 5357; x_wconf 84' lang='grc' dir='ltr'>εἶναι,</span> <span class='ocrx_word' id='word_1_928' title='bbox 2404 5294 2433 5361; x_wconf 74' lang='grc' dir='ltr'>ἢ</span> <span class='ocrx_word' id='word_1_929' title='bbox 2476 5292 2601 5352; x_wconf 79' lang='grc' dir='ltr'>Υἱός</span> <span class='ocrx_word' id='word_1_930' title='bbox 2651 5293 2822 5355; x_wconf 72' lang='grc' dir='ltr'>ἐστιν,</span> <span class='ocrx_word' id='word_1_931' title='bbox 2860 5290 2891 5360; x_wconf 81' lang='grc' dir='ltr'><strong>ἢ</strong></span> <span class='ocrx_word' id='word_1_932' title='bbox 2940 5290 3001 5341; x_wconf 79' lang='grc' dir='ltr'><strong>τὸ</strong></span> <span class='ocrx_word' id='word_1_933' title='bbox 3050 5287 3273 5354; x_wconf 78' lang='grc' dir='ltr'>Πνεῦμα</span> <span class='ocrx_word' id='word_1_934' title='bbox 3329 5285 3386 5336; x_wconf 91' lang='grc' dir='ltr'><strong>τὸ</strong></span> <span class='ocrx_word' id='word_1_935' title='bbox 3418 5284 3591 5348; x_wconf 82' lang='grc' dir='ltr'>ἆγιον,</span> 
     </span>
    </p>
   </div>
   <div class='ocr_carea' id='block_1_112' title="bbox 2030 5374 3592 5451">
    <p class='ocr_par' dir='ltr' id='par_1_112' title="bbox 2030 5374 3592 5451">
     <span class='ocr_line' id='line_1_112' title="bbox 2030 5374 3592 5451; baseline -0.01 -12"><span class='ocrx_word' id='word_1_936' title='bbox 2030 5386 2149 5439; x_wconf 80' lang='grc' dir='ltr'>ἀλλ’</span> <span class='ocrx_word' id='word_1_937' title='bbox 2189 5387 2244 5435; x_wconf 76' lang='grc' dir='ltr'>ἐν</span> <span class='ocrx_word' id='word_1_938' title='bbox 2274 5385 2383 5445; x_wconf 85' lang='grc' dir='ltr'>τοῖς</span> <span class='ocrx_word' id='word_1_939' title='bbox 2427 5382 2713 5451; x_wconf 78' lang='grc' dir='ltr'>ἑπομένοις</span> <span class='ocrx_word' id='word_1_940' title='bbox 2762 5381 2858 5444; x_wconf 82' lang='grc' dir='ltr'><strong>τὴν</strong></span> <span class='ocrx_word' id='word_1_941' title='bbox 2904 5379 3123 5445; x_wconf 81' lang='grc' dir='ltr'>ἀγάπην</span> <span class='ocrx_word' id='word_1_942' title='bbox 3153 5374 3247 5427; x_wconf 89' lang='grc' dir='ltr'><strong>τοῦ</strong></span> <span class='ocrx_word' id='word_1_943' title='bbox 3290 5374 3424 5425; x_wconf 81' lang='grc' dir='ltr'>Θεοῦ</span> <span class='ocrx_word' id='word_1_944' title='bbox 3457 5376 3592 5424; x_wconf 85' lang='grc' dir='ltr'>ἀνα-</span> 
     </span>
    </p>
   </div>
   <div class='ocr_carea' id='block_1_113' title="bbox 2032 5464 3593 5547">
    <p class='ocr_par' dir='ltr' id='par_1_113' title="bbox 2032 5464 3593 5547">
     <span class='ocr_line' id='line_1_113' title="bbox 2032 5464 3593 5547; baseline -0.008 -20"><span class='ocrx_word' id='word_1_945' title='bbox 2032 5479 2261 5547; x_wconf 71' lang='grc' dir='ltr'>μνήςας,</span> <span class='ocrx_word' id='word_1_946' title='bbox 2293 5477 2353 5527; x_wconf 85' lang='grc' dir='ltr'>οὐ</span> <span class='ocrx_word' id='word_1_947' title='bbox 2378 5473 2499 5525; x_wconf 84' lang='grc' dir='ltr'>καθ’</span> <span class='ocrx_word' id='word_1_948' title='bbox 2524 5474 2589 5541; x_wconf 76' lang='grc' dir='ltr'>ἦν</span> <span class='ocrx_word' id='word_1_949' title='bbox 2623 5473 2782 5541; x_wconf 82' lang='grc' dir='ltr'>ἡμεῖς</span> <span class='ocrx_word' id='word_1_950' title='bbox 2812 5472 2999 5531; x_wconf 80' lang='grc' dir='ltr'>αὐτὸν,</span> <span class='ocrx_word' id='word_1_951' title='bbox 3027 5468 3161 5520; x_wconf 81' lang='grc' dir='ltr'><strong>ἀλλά</strong></span> <span class='ocrx_word' id='word_1_952' title='bbox 3184 5466 3305 5519; x_wconf 82' lang='grc' dir='ltr'>καθ’</span> <span class='ocrx_word' id='word_1_953' title='bbox 3336 5467 3403 5535; x_wconf 84' lang='grc' dir='ltr'>ἣν</span> <span class='ocrx_word' id='word_1_954' title='bbox 3432 5464 3593 5525; x_wconf 73' lang='grc' dir='ltr'>αὐτὸς</span> 
     </span>
    </p>
   </div>
   <div class='ocr_carea' id='block_1_114' title="bbox 2027 5554 3587 5638">
    <p class='ocr_par' dir='ltr' id='par_1_114' title="bbox 2027 5554 3587 5638">
     <span class='ocr_line' id='line_1_114' title="bbox 2027 5554 3587 5638; baseline -0.01 -18"><span class='ocrx_word' id='word_1_955' title='bbox 2027 5570 2315 5638; x_wconf 69' lang='grc' dir='ltr'>ἠγάπησεν</span> <span class='ocrx_word' id='word_1_956' title='bbox 2348 5566 2518 5635; x_wconf 77' lang='grc' dir='ltr'>ἡμᾶς,</span> <span class='ocrx_word' id='word_1_957' title='bbox 2562 5580 2578 5614; x_wconf 86' lang='grc' dir='ltr'><strong>ι</strong></span> <span class='ocrx_word' id='word_1_958' title='bbox 2620 5564 2730 5616; x_wconf 76' lang='grc' dir='ltr'>Καὶ</span> <span class='ocrx_word' id='word_1_959' title='bbox 2754 5560 3040 5614; x_wconf 78' lang='grc' dir='ltr'>ἀπέστειλε</span> <span class='ocrx_word' id='word_1_960' title='bbox 3068 5558 3155 5610; x_wconf 74' lang='grc' dir='ltr'><strong>τὸν</strong></span> <span class='ocrx_word' id='word_1_961' title='bbox 3188 5556 3315 5610; x_wconf 83' lang='grc' dir='ltr'>Υἰὸν</span> <span class='ocrx_word' id='word_1_962' title='bbox 3342 5554 3532 5619; x_wconf 77' lang='grc' dir='ltr'>αὐτοῦ,</span> <span class='ocrx_word' id='word_1_963' title='bbox 3564 5572 3587 5605; x_wconf 68' lang='grc' dir='ltr'><strong>ι</strong></span> 
     </span>
    </p>
   </div>
   <div class='ocr_carea' id='block_1_115' title="bbox 2181 5737 3363 5809">
    <p class='ocr_par' dir='ltr' id='par_1_115' title="bbox 2181 5737 3363 5809">
     <span class='ocr_line' id='line_1_115' title="bbox 2181 5737 3363 5809; baseline -0.003 -13"><span class='ocrx_word' id='word_1_964' title='bbox 2181 5744 2198 5775; x_wconf 77' lang='grc'>⁸</span> <span class='ocrx_word' id='word_1_965' title='bbox 2228 5742 2339 5799; x_wconf 80' lang='lat' dir='ltr'><strong>[.uc</strong></span> <span class='ocrx_word' id='word_1_966' title='bbox 2410 5760 2558 5809; x_wconf 75' lang='lat' dir='ltr'><strong>xxrv,</strong></span> <span class='ocrx_word' id='word_1_967' title='bbox 2594 5742 2682 5797; x_wconf 70' lang='grc'><strong>44.</strong></span> <span class='ocrx_word' id='word_1_968' title='bbox 2786 5742 2804 5773; x_wconf 86' lang='grc'>⁷</span> <span class='ocrx_word' id='word_1_969' title='bbox 2838 5740 2852 5793; x_wconf 96' lang='lat' dir='ltr'><strong>l</strong></span> <span class='ocrx_word' id='word_1_970' title='bbox 2887 5738 3041 5795; x_wconf 85' lang='lat' dir='ltr'><strong>Joan.</strong></span> <span class='ocrx_word' id='word_1_971' title='bbox 3082 5754 3152 5806; x_wconf 82' lang='lat' dir='ltr'><strong>tv,</strong></span> <span class='ocrx_word' id='word_1_972' title='bbox 3197 5737 3249 5804; x_wconf 89' lang='lat'><strong>7,</strong></span> <span class='ocrx_word' id='word_1_973' title='bbox 3309 5738 3363 5793; x_wconf 91' lang='lat'><strong>8.</strong></span> 
     </span>
    </p>
   </div>
  </div>
