3992 6210
450 297 587 368 Ηίθ

1688 307 1971 364 ΜΑΧῘΜΙ
2014 304 2385 365 fLANUD’fE

3573 302 3715 366 ΠΞΟ

448 416 1029 484 tuanemus.ctipseiu
1053 419 1457 490 nohis,qniade
1499 419 1702 488 Spiritu
1737 437 1835 472 suo
1873 421 2019 473 deiit
2052 426 2092 479 Α
2124 432 2267 482 ctus,
2322 432 2379 473 ut
2446 436 2570 474 eum
2631 421 2722 475 Dei
2770 430 2821 475 et
2873 421 3102 490 proximi
3159 421 3317 476 faciat
3382 432 3716 477 amatorem-
3798 441 3805 447 τ

448 508 604 562 nobis
621 508 664 561 ⁸.
696 527 712 559 ι
740 509 975 576 Spiritus
1004 512 1185 581 itaque
1212 522 1440 568 Sam-tus
1460 516 1526 565 de
1546 529 1652 581 quo
1676 514 1818 565 dedit
1846 515 2022 573 nobis,

445 600 580 656 facit
609 617 710 656 nos
733 602 783 654 in
816 605 923 657 Dco
956 619 1197 668 manere,
1222 614 1275 658 et
1300 606 1474 675 ipsum
1508 606 1559 659 in
1593 607 1770 670 IlﬂItIS,
1803 608 1903 659 hoc.
1935 624 2023 659 au-

446 702 553 744 tem
589 692 983 749 facitdileclio.
1020 694 1138 763 Ipse
1193 706 1279 751 est
1354 698 1522 767 igitur
1585 699 1727 754 Deus
1782 700 2024 755 dilectio.

445 781 695 849 Denique
729 785 886 853 paulo
920 797 1040 855 post
1066 804 1188 842 cum
1223 790 1325 843 hoc
1368 792 1543 859 ipsum
1579 793 1889 860 repetisset,
1943 803 2023 847 at-

447 891 554 941 que
591 876 862 932 dixisset:
921 896 940 930 ι
983 880 1126 933 Deus
1159 882 1377 937 dilectio
1412 895 1515 948 est,
1559 904 1578 937 ι
1607 885 1868 939 continuo
1892 888 2024 938 suh-

440 967 573 1037 jccit
604 987 617 1023 :
659 988 677 1020 ι
719 968 782 1024 Et
814 972 907 1041 qui
938 986 1118 1027 manet
1148 975 1200 1028 in
1229 977 1521 1030 dilectione
1547 1020 1561 1040 ,
1597 980 1649 1031 in
1678 978 1789 1031 Deo
1819 989 2017 1036 manet.

447 1069 502 1112 et
543 1059 685 1115 Deus
720 1074 899 1118 manet
930 1066 985 1118 in
1015 1054 1102 1120 eo.
1140 1086 1159 1119 ι
1202 1066 1354 1122 Unde
1387 1084 1553 1139 supra
1589 1070 1797 1125 dixerat
1837 1088 1850 1124 :
1889 1089 1906 1121 ι
1963 1071 2021 1124 In

445 1150 550 1205 hoc
587 1154 941 1221 co‘gnmimus
996 1158 1123 1225 quia
1156 1159 1211 1212 in
1246 1160 1361 1226 ipso
1419 1176 1700 1215 manemus
1734 1173 1788 1215 et
1819 1163 1933 1231 ipse
1969 1164 2021 1217 in

445 1244 631 1308 nobis,
661 1246 788 1313 quia
824 1248 889 1302 de
919 1247 1124 1317 Spirittt
1164 1266 1265 1305 suo
1294 1252 1448 1307 dedit
1480 1254 1658 1308 nobis.
1694 1273 1713 1305 ι
1753 1253 1869 1324 Ipse
1894 1272 2024 1325 ergo

445 1335 781 1404 signiﬁcatur
808 1338 897 1392 ubi
934 1340 1134 1409 legitur
1172 1360 1185 1395 :
1214 1362 1231 1393 ι
1263 1342 1405 1398 Deus
1445 1345 1666 1400 dilectio
1689 1357 1794 1402 εει.
1839 1367 1856 1399 δ
1878 1348 2021 1403 Deus

446 1423 614 1491 igitur
646 1425 883 1495 Spiritus
913 1443 1137 1486 saueius
1170 1434 1259 1501 qui
1294 1436 1537 1503 procedit
1582 1452 1647 1490 ex
1720 1440 1846 1503 Deo,
1898 1456 2022 1494 cum

444 1516 608 1571 datus
637 1516 800 1572 luerit
833 1520 1064 1589 hmnini,
1100 1526 1346 1579 accendit
1388 1543 1510 1580 eum
1566 1529 1616 1580 in
1672 1528 2017 1584 dilectionem

446 1604 542 1659 Dei
570 1616 622 1660 et
654 1611 909 1677 proximi,
932 1620 985 1665 et
1018 1613 1135 1682 ipse
1164 1615 1384 1669 dilectio
1408 1628 1515 1673 est.
1541 1617 1658 1673 Non
1690 1622 1835 1675 enim
1864 1623 2019 1676 habet

445 1698 611 1752 homo
652 1702 796 1756 unde
851 1702 1018 1758 Deum
1050 1707 1259 1775 diligat,
1309 1710 1413 1762 nisi
1478 1726 1540 1764 ex
1616 1712 1744 1766 Deo.
1791 1712 2023 1783 Propter

445 1791 590 1854 quod
629 1795 791 1860 paulo
815 1806 933 1863 post
969 1796 1104 1851 dicit
1140 1818 1152 1852 :
1191 1818 1209 1849 ι
1239 1799 1347 1854 Nos
1380 1802 1692 1870 diligamus,
1726 1804 1852 1873 quia
1906 1808 2020 1873 ipse

447 1880 595 1948 prior
644 1882 832 1937 dilexit
893 1901 993 1941 nos
1019 1889 1060 1944 ’.
1102 1906 1119 1939 ι
1152 1890 1444 1958 Apostolus
1497 1908 1710 1963 quoque
1766 1894 1962 1949 Paulus
2001 1913 2015 1950 :

453 1990 470 2022 ι
516 1972 761 2039 Βίιοοιὶο,
801 1976 999 2047 inquit,
1035 1980 1127 2036 Dei
1158 1982 1352 2038 dilTusa
1394 1994 1479 2039 est
1532 1987 1585 2040 itt
1619 1988 1875 2043 cordibus
1922 2005 2021 2041 no-

450 2068 581 2121 stris
609 2084 704 2138 per
732 2071 995 2143 Spiritum
1020 2085 1291 2135 sanctum,
1315 2078 1406 2145 qui
1436 2078 1599 2133 datus
1629 2090 1709 2133 est
1740 2080 1965 2136 nobis”.
1996 2101 2015 2134 ι

1018 2210 1246 2267 CAPUT
1278 2211 1464 2270 XVIII.

520 2341 737 2398 Nullum
790 2355 875 2400 est
926 2347 1034 2401 isto
1100 2348 1192 2405 Dei
1222 2352 1364 2407 dono
1421 2355 1799 2414 excellentius.
1835 2358 2021 2415 Solum

448 2442 554 2496 est,
592 2435 737 2503 quod
784 2438 978 2492 dividit
1038 2442 1179 2497 inter
1208 2444 1349 2500 ﬁlios
1378 2448 1528 2513 regni
1565 2450 1751 2503 aeterni
1792 2460 1846 2505 et
1884 2452 2023 2507 ﬁlios

450 2527 777 2595 perditionis
824 2543 1060 2590 mternze.
1119 2534 1324 2594 Dantur
1367 2550 1423 2595 et
1475 2542 1576 2595 alia
1612 2558 1709 2611 per
1753 2542 2018 2613 Spiritum

449 2628 703 2676 sanctum
755 2628 1010 2692 munera,
1046 2627 1141 2683 sed
1172 2630 1291 2685 sine
1318 2632 1585 2686 charitate
1613 2632 1748 2687 nihil
1773 2645 2023 2703 prosunt.

448 2708 564 2765 Nisi
597 2727 727 2782 ergo
774 2724 980 2771 tantum
1008 2718 1352 2789 impertiatur
1402 2723 1601 2793 cuique
1631 2724 1871 2795 Spiritus
1901 2742 2029 2782 san-

452 2895 646 2966 φησῖν,
677 2915 699 2951 ι
736 2898 967 2967 ἱλασμὸν
992 2900 1132 2971 ὑπὲρ
1158 2902 1267 2956 τῶν
1302 2904 1590 2975 ἁμαρτιῶν
1622 2905 1801 2974 ἡμῶν*
1840 2926 1859 2959 ι
1892 2908 2025 2960 κάν-

451 2991 645 3045 τεῦθεν
688 2992 925 3057 ἐδίδαξεν
959 2993 1036 3056 ὡς
1065 2996 1161 3047 καὶ
1187 2998 1351 3063 ήςιεῖς
1386 2998 1654 3067 ἀλλήλους
1691 2998 2026 3069 ἀγαπῶμεν,

449 3083 548 3134 καὶ
593 3082 769 3146 οὕτως
822 3086 851 3136 ὁ
912 3084 1044 3148 Θεὸς
1098 3087 1158 3139 ὲν
1220 3088 1352 3157 ἡμῖν
1414 3089 1591 3156 μένει.
1637 3091 1796 3143 Ἐπεὶ
1845 3092 2097 3166 τοίνυνρ

451 3172 677 3242 ἀγάπην
710 3174 803 3228 τὸν
858 3174 994 3228 Θεὸν
1049 3178 1264 3246 εἴρηκε,
1298 3178 1461 3237 εὐθὺς
1507 3180 1682 3234 τέλων
1710 3183 1841 3253 περὶ
1869 3183 2026 3238 τοῦδε

450 3262 548 3316 τοῦ
585 3266 918 3333 πράγματος
952 3268 1337 3340 φανερώτερον
1381 3287 1433 3324 τι
1461 3270 1836 3345 διαλεχθῆναι,
1873 3295 1894 3329 ς
1939 3277 2028 3331 Ἐν

450 3356 648 3427 τούτῳ,
687 3376 706 3409 ι
740 3359 897 3429 φησὶ,
934 3378 950 3412 ι
991 3361 1362 3433 γινώσκομεν,
1390 3366 1470 3419 ὅτι
1507 3367 1564 3432 ἐν
1594 3368 1743 3437 αὐτῷ
1771 3349 2028 3442 μένομεν,

454 3451 547 3502 καὶ
592 3452 753 3515 αὐτὸς
798 3455 856 3507 ὲν
909 3456 1064 3525 ἡμῖν,
1124 3458 1209 3510 ὅτι
1260 3462 1324 3513 ὲκ
1374 3460 1477 3513 τοῦ
1508 3461 1830 3533 Πνεὺματος
1861 3466 2029 3519 αὐτοῦ

454 3544 686 3598 δέδωκεν
720 3547 871 3618 ἡμῖν.
913 3566 931 3599 ι
972 3548 1045 3600 Τὸ
1096 3550 1324 3619 Πνεῦμα
1362 3554 1546 3606 τοίνυν
1576 3556 1636 3609 τὸ
1667 3556 1845 3624 ἅγιον,
1876 3558 1933 3623 ἐξ
1968 3552 2030 3614 οὗ

452 3633 688 3690 δέδωκεν
737 3638 893 3708 ἡμῖν,
928 3643 1071 3693 ποιεῖ
1120 3644 1271 3709 ἡμᾶς
1319 3644 1378 3695 ἐν
1425 3643 1504 3713 τῷ
1539 3644 1659 3717 Θεῷ
1707 3650 1911 3717 μένειν,
1939 3651 2033 3701 καὶ

455 3729 620 3780 αὐτὸν
653 3730 711 3781 ἐν
738 3731 869 3798 ἡμῖν
892 3747 904 3760 ·
934 3732 1093 3785 τοῦτο
1127 3734 1184 3785 δὲ
1208 3737 1355 3787 ποιεῖ
1380 3737 1413 3805 ή
1451 3737 1661 3807 ἀγάπη·
1694 3739 1856 3803 αὐτός
1884 3743 2033 3794 ἐστιν

456 3819 566 3885 ἄρα
603 3822 631 3873 ὁ
660 3819 794 3882 Θεὸς
830 3822 863 3890 ἡ
894 3822 1103 3893 ἀγάπη.
1141 3824 1252 3877 Καὶ
1290 3825 1446 3888 τέλος
1484 3828 1625 3895 μετά
1661 3829 1855 3898 μικρὸν
1885 3830 2033 3884 τοῦτ’

457 3912 591 3965 αὐτὸ
645 3914 1048 3978 ὲπαναλαϐὼν,
1109 3917 1208 3969 καὶ
1260 3918 1455 3985 εἰπὼν,
1495 3937 1514 3971 ι
1563 3919 1622 3973 ’0
1653 3920 1786 3983 Θεὸς
1841 3923 2033 3995 ἀγάπη

458 4007 629 4073 ἐστὶν,
666 4026 685 4059 ι
716 4006 841 4076 ἑξῆς
873 4009 1143 4078 ἐπήγαγε,
1179 4028 1197 4062 ι
1238 4012 1348 4063 Kai.
1383 4014 1410 4065 ὁ
1451 4012 1631 4082 μένων
1656 4015 1715 4067 ἐν
1744 4017 1809 4085 τῇ
1842 4018 2034 4088 ἀγάπῃ

459 4100 518 4149 ὲν
555 4098 633 4167 τῷ
664 4097 785 4168 Θεῷ
822 4100 998 4169 μένει,
1034 4103 1181 4155 καὶὸ
1219 4101 1350 4166 Θεὸς
1378 4105 1435 4156 ὲν
1464 4104 1615 4175 αὑτῷ
1650 4106 1825 4175 μένει·
1860 4126 1879 4159 ι
1912 4108 2036 4162 ὅθεν

459 4191 718 4260 ἀνωτέρω
759 4191 1017 4262 εἴρηκεν,
1061 4212 1079 4245 ι
1126 4194 1215 4246 Ἐν
1274 4194 1451 4266 τούτῳ
1495 4197 1840 4267 γινώσκομεν
1869 4201 1949 4253 ὅτι
1979 4204 2036 4255 ὲν

460 4281 611 4351 οὐτῷ
647 4283 907 4351 μένομεν,
933 4282 1029 4336 καὶ
1058 4282 1219 4346 αὐτὸς
1252 4284 1307 4335 ἐν
1340 4285 1495 4353 ἡμῖν,
1528 4286 1610 4338 ὃτι
1646 4288 1707 4338 ὲκ
1732 4286 1826 4339 τοῦ
1862 4287 2033 4340 Πνεύ-

463 4391 635 4441 ματος
683 4373 851 4428 αὐτοῦ
900 4374 1135 4428 δέδωκεν
1169 4376 1323 4443 ἡμῖν.
1364 4393 1382 4425 ι
1428 4375 1569 4427 Αὐτὸ
1624 4376 1732 4444 ἄρα
1778 4376 2035 4445 δηλοῦται

2132 513 2360 565 sinistra
2395 527 2501 565 non
2533 512 2864 569 transfertur
2915 518 2980 566 at!
3017 516 3288 567 dextram.
3327 513 3436 567 Nec
3470 513 3718 581 Spiritus

2132 605 2356 672 proprie
2385 605 2585 659 dicitur
2634 605 2863 667 donum,
2899 606 3006 659 nisi
3050 617 3273 674 propter
3334 606 3716 659 dilectionem.

2129 696 2299 761 Quam
2361 697 2454 765 qui
2522 712 2628 750 non
2691 697 2966 758 habuerit,
3001 715 3019 747 ι
3064 697 3119 750 Si
3176 696 3374 765 linguis
3426 697 3714 749 hominum

2128 789 2381 855 loquatur
2410 801 2465 843 et
2507 789 2851 857 angelorum,
2893 805 3099 843 sonans
3124 796 3482 841 mrattteulttttt
3515 797 3626 851 est,
3664 796 3717 838 ei.

2126 882 2434 951 cytnhalum
2496 882 2755 937 tinniens.
2788 883 2926 936 Etsi
2962 883 3215 935 habuerit
3255 881 3631 951 prophetiam.
3664 890 3715 932 ct

2127 975 2313 1031 scierit
2349 976 2531 1028 omnia
2562 984 2928 1039 sacramenta,
2961 985 3013 1028 et
3044 990 3259 1027 omnem
3313 974 3635 1031 scientiam,
3661 984 3710 1026 et

2128 1068 2172 1122 si
2207 1068 2457 1121 habuerit
2504 1083 2719 1120 omnem
2752 1066 2913 1119 fidem
2947 1066 3020 1119 ita
3054 1076 3112 1118 ut
3142 1075 3359 1120 montes
3386 1066 3708 1128 transierat,

2127 1159 2259 1212 nihil
2303 1169 2406 1212 est.
2452 1158 2516 1212 Et
2566 1157 2610 1212 si
2666 1159 3007 1211 distribuerit
3067 1172 3287 1211 onmem
3339 1158 3709 1210 subsmnt‘am

2124 1267 2301 1314 suam,
2351 1252 2478 1306 etsi
2538 1251 2823 1304 tradiderit
2876 1266 3076 1318 corpus
3136 1266 3291 1302 suum
3352 1260 3414 1303 ut
3493 1250 3708 1311 ardeat,

2124 1344 2258 1396 nihil
2302 1344 2349 1395 ei
2406 1343 2623 1411 prodc~t
2658 1344 2723 1397 “.
2761 1362 2778 1393 ι
2821 1343 3093 1410 Quantum
3135 1359 3263 1412 ergo
3312 1344 3517 1397 bonunt
3585 1352 3708 1404 est,

2125 1436 2245 1488 sine
2275 1450 2385 1503 quo
2422 1436 2486 1487 ad
2538 1443 2799 1489 aeternam
2853 1436 3018 1488 vitam
3057 1437 3331 1489 neminem
3366 1436 3513 1487 bona
3555 1444 3711 1487 tanta

2125 1527 2465 1596 perducunt?
2496 1525 2613 1595 Ipsa
2646 1542 2775 1580 vero
2821 1526 3061 1591 dilectio,
3112 1527 3227 1581 sive
3272 1528 3537 1590 charitas,
3582 1542 3709 1580 nam

2126 1622 2288 1675 unius
2322 1622 2399 1675 rei
2433 1631 2519 1675 est
2557 1632 2849 1690 utrumque
2931 1636 3152 1681 nomen,
3190 1622 3238 1675 si
3300 1622 3501 1675 habeat
3560 1636 3705 1678 eam.

2126 1713 2215 1777 qui
2253 1726 2357 1763 non
2409 1711 2646 1779 loquitur
2682 1710 2902 1776 linguis,
2944 1726 3044 1765 nec
3116 1712 3284 1765 habet
3332 1712 3706 1779 prophetiam,

2127 1816 2226 1869 nec
2256 1802 2578 1867 omniascit
2612 1811 2985 1862 sacramenta,
3021 1816 3353 1869 omnemque
3389 1802 3706 1865 scientiam,

2127 1909 2226 1947 nec
2274 1894 2548 1947 distribuit
2582 1893 2762 1947 omnia
2810 1908 2904 1947 sua
2939 1893 3291 1961 pauperibus,
3328 1892 3411 1945 vel
3467 1908 3579 1945 non
3612 1894 3713 1944 ha-

2124 1986 2303 2040 bendo
2335 1985 2483 2054 quod
2518 1986 2825 2048 distribuit,
2867 1984 2951 2037 vel
2979 1984 3162 2053 aliqua
3199 1986 3526 2038 necessitate
3573 1999 3703 2053 pro-

2127 2077 2351 2138 hibitus,
2384 2091 2483 2129 nec
2515 2076 2681 2130 tradit
2713 2090 2911 2142 corpus
2977 2090 3138 2127 suum
3188 2086 3245 2127 ut
3278 2076 3485 2138 ardeat,
3516 2078 3562 2129 si
3592 2076 3713 2130 talis

2128 2167 2399 2238 passionis
2448 2168 2594 2221 nulla
2674 2165 2902 2219 tentatio
2929 2173 3031 2228 est,
3059 2166 3307 2231 perducit
3341 2167 3405 2219 ad
3458 2184 3711 2236 regnum,

2126 2259 2201 2314 ita
2258 2268 2317 2312 ut
2365 2259 2537 2327 ipsam
2612 2256 2772 2309 ﬁdem
2830 2272 2936 2311 non
2990 2256 3154 2311 faciat
3200 2257 3389 2311 utilem
3440 2258 3546 2311 nisi
3580 2260 3713 2312 cha-

2128 2352 2281 2404 ritas.
2321 2350 2449 2403 Sine
2477 2349 2745 2403 charitate
2793 2351 2994 2418 quippe
3055 2350 3185 2402 lides
3220 2357 3399 2418 potest
3489 2351 3713 2418 quidem

2127 2460 2274 2510 esse,
2304 2445 2397 2499 sed
2433 2459 2538 2498 non
2572 2447 2852 2511 prodesse.
2905 2444 3133 2514 Propter
3162 2445 3308 2514 quod
3348 2453 3401 2499 et
3439 2446 3719 2514 apostolus

2128 2536 2328 2591 Paulus
2358 2555 2371 2590 :
2412 2554 2431 2587 ι
2457 2538 2516 2589 In
2547 2535 2787 2600 Christo,
2818 2537 3018 2605 inquit,
3050 2535 3178 2591 Jesu
3227 2552 3403 2605 neque
3429 2537 3720 2600 circumci-

2129 2630 2233 2691 sio,
2262 2644 2437 2694 neque
2460 2630 2783 2697 prmputium
2822 2627 3028 2696 aliquid
3070 2628 3234 2690 valet,
3276 2630 3368 2682 sed
3410 2626 3570 2689 ﬁdes,
3596 2644 3717 2695 qua:

2129 2733 2227 2789 per
2268 2718 2610 2775 dilectionem
2652 2727 2911 2788 operatur
2940 2718 2983 2750 ι’
3010 2734 3025 2769 :
3056 2736 3075 2769 ι
3110 2717 3191 2772 sic
3236 2731 3355 2771 eam
3390 2716 3717 2771 discernens

2716 2898 2970 2953 ΚΕΦᾹΛ.
3006 2898 3118 2950 III'.

2136 3015 2277 3085 Περὶ
2318 3008 2425 3080 τῆς
2450 3011 2759 3085 ὑπεροχῆς
2810 3010 2924 3085 τῆς
2952 3011 3215 3085 ἀγάπης,
3248 3010 3383 3085 ἣτις
3412 3009 3607 3085 opta);-
3647 3009 3719 3063 ἐκ

2255 3077 2542 3139 τοῦήΘεοῦ
2564 3077 2760 3147 ἐστιν,
2788 3077 2879 3148 ὡς
2912 3077 3012 3135 καὶ
3046 3081 3202 3147 αὐτὴ
3237 3080 3385 3146 Θεὸς
3409 3077 3589 3134 εἶναι.

2206 3177 2374 3232 Οὐδέν
2408 3178 2522 3229 ἐστι
2567 3176 2721 3228 τοῦδε
2766 3174 2863 3227 τοῦ
2911 3173 3088 3244 δώρου
3120 3174 3212 3227 τοῦ
3263 3172 3400 3226 Θεοῦ
3446 3172 3725 3241 ὑψηλότε-

2139 3286 2230 3338 ρον
2254 3285 2267 3299 ’
2303 3269 2463 3337 μόνον
2492 3269 2601 3338 γάρ
2639 3267 2842 3320 ἔστιτὸ
2892 3266 3137 3336 διαιροῦν
3171 3265 3376 3335 μεταξὺ
3422 3265 3531 3318 τῶν
3586 3265 3725 3317 υἱῶν

2106 3361 2236 3428 πῆς
2293 3360 2512 3413 αίωνίου
2566 3359 2865 3428 βασιλείας,
2904 3360 3001 3411 καὶ
3033 3357 3144 3411 τῶν
3178 3358 3311 3411 υίῶν
3360 3357 3462 3426 τῆς
3492 3359 3722 3409 αἰωνίου

2139 3450 2434 3512 ἀπωλείας.
2486 3451 2730 3503 Δίδονται
2784 3449 2840 3501 δὲ
2891 3450 2987 3502 καὶ
3033 3449 3194 3516 ἕτερα
3248 3448 3336 3501 διά
3391 3447 3486 3500 τοῦ
3548 3447 3727 3500 Πνεῦ-

2143 3558 2310 3610 ματος
2356 3541 2524 3611 δῶρα,
2577 3540 2713 3593 ἀλλά
2771 3539 2893 3611 δίχα
2945 3541 3043 3607 τῆς
3097 3539 3321 3609 ἀγάπης
3347 3539 3503 3592 οὐδὲν
3552 3540 3727 3607 ὠφει-

2139 3632 2350 3697 ὶοῦσιν,
2400 3635 2448 3685 εί
2501 3631 2577 3702 μὴ
2628 3633 2736 3702 ἄρα
2796 3633 3053 3686 τοσοῦτον
3105 3631 3469 3703 διανεμηθείη
3508 3633 3625 3684 τινὶ
3661 3631 3727 3683 τὸ

2145 3724 2369 3793 Πνεῦμα
2403 3725 2463 3777 τὸ
2492 3724 2673 3792 ἀγιον,
2710 3724 2785 3786 ὡς
2819 3726 2985 3777 αὐτὸν
3014 3724 3105 3777 τοῦ
3132 3725 3274 3778 Θεοῦ
3308 3724 3531 3779 καὶτοῦ
3580 3725 3727 3794 πλη-

2144 3819 2259 3870 σίον
2288 3816 2525 3887 ἐραστὴν
2554 3816 2779 3885 ποιῆσαι
2804 3834 2819 3848 ο
2851 3819 2916 3870 ὲκ
2944 3819 3052 3887 γὰρ
3076 3818 3175 3887 τῆς
3198 3819 3497 3887 ἀριστερᾶς
3521 3818 3585 3869 οὐ
3621 3835 3727 3887 με-

2140 3908 2368 3974 τάγεται
2402 3906 2538 3975 πρὸς
2568 3905 2667 3974 τὴν
2696 3906 2898 3971 δεξιάν.
2948 3905 3091 3958 Ἀλλ’
3116 3907 3240 3959 οὐδὲ
3269 3908 3329 3959 τὸ
3357 3906 3587 3974 Πνεῦμα
3615 3922 3721 3958 κυ-

2147 3995 2277 4066 ρίως
2312 3995 2531 4061 λέγεται
2570 3992 2763 4062 δῶρον,
2794 3995 2875 4046 ὅτι
2928 3994 3003 4061 μὴ
3044 3993 3130 4045 διὰ
3160 3993 3260 4062 τὴν
3306 3994 3550 4061 ἀγάπην,
3586 3995 3652 4062 ἦν
3694 3996 3724 4047 ὁ

2148 4089 2223 4158 μὴ
2267 4087 2433 4156 ἔχων,
2470 4087 2566 4139 ἐὰν
2606 4088 2727 4149 ταῖς
2759 4085 3036 4153 γλώσσαις
3060 4084 3170 4138 τῶν
3204 4085 3511 4154 ἀνθρώπων
3558 4085 3721 4151 λαλῇ,

2145 4183 2239 4233 καὶ
2282 4180 2389 4232 τῶν
2416 4179 2687 4247 ἀγγέλων,
2722 4178 2872 4247 ἠχῶν
2907 4179 3025 4231 ὲστι
3073 4177 3278 4247 χαλ-κὸς
3307 4178 3401 4230 καὶ
3435 4176 3725 4245 κύμϐαλον

2144 4268 2437 4334 ἀλαλάζον,
2467 4270 2562 4321 καὶ
2592 4271 2687 4321 ἐὰν
2730 4268 2831 4338 ἔχῃ
2861 4268 3227 4337 προφητείαν,
3257 4268 3349 4319 καὶ
3375 4264 3489 4334 εἰδῇ
3522 4269 3589 4317 τὰ
3621 4283 3727 4333 μυ-

2148 4365 2347 4431 στήρια
2377 4360 2578 4421 πάντα,
2608 4359 2703 4409 καὶ
2736 4359 2920 4411 πᾶσαν
2952 4358 3051 4425 τὴν
3090 4356 3316 4425 γνῶσιν,
3351 4357 3446 4409 καὶ
3479 4356 3576 4408 ἐὰν
3618 4343 3723 4424 cii

460 4466 587 4518 ἔνοα
633 4464 1101 4536 ἀναγινώπκθμεν»
1140 4485 1159 4517 ⁸
1206 4467 1266 4520 Ὀ
1306 4466 1438 4528 θεὸς
1493 4468 1682 4537 ἀγάπη
1725 4468 1911 4520 ἐστίν
1947 4488 1966 4520 ι
2010 4470 2038 4521 ὁ
2072 4466 2114 4520 D
2145 4458 2325 4515 πᾶσαν
2371 4453 2471 4521 τὴν
2529 4450 2739 4537 πίστιν,
2785 4449 2929 4502 ὥστε
2976 4450 3077 4520 ὅρη
3142 4448 3530 4519 μεθιστάνειν,
3566 4448 3725 4500 οὐδέν

460 4559 593 4618 Θεὸς
613 4558 791 4611 τοίνυν
814 4558 874 4611 τὸ
906 4558 1127 4627 Πνεῦμα
1164 4562 1223 4611 τὸ
1247 4558 1403 4626 ἅγιον
1423 4559 1483 4611 τὸ
1511 4561 1944 4629 ἐκπορευόμενον
1981 4563 2042 4614 ἐκ

458 4647 554 4701 τοῦ
585 4647 748 4712 Θεοῦ,
777 4649 998 4702 ἐπειδὰν
1030 4650 1157 4719 δοθῇ
1189 4648 1266 4719 τῷ
1292 4649 1590 4720 ἀνθρώπῳ,
1622 4651 1851 4703 ἀνάπτει
1878 4652 2042 4703 αὐτὸν

462 4744 542 4802 εἰς
575 4740 675 4809 τὴν
705 4741 926 4809 ἀγάπην
954 4741 1046 4793 τοῦ
1074 4742 1238 4807 Θεοῦ,
1277 4742 1372 4794 καὶ
1411 4742 1504 4795 τοῦ
1540 4742 1787 4811 πλησίον,
1823 4742 1916 4794 καὶ
1946 4744 2043 4796 αὑ-

400 4893 413 4905 .
465 4831 524 4884 τὸ
571 4832 759 4901 ἀγάπη
799 4832 967 4886 ἐστίν.
1018 4834 1155 4885 Οὐδὲ
1195 4834 1305 4901 γὰρ
1359 4832 1473 4903 ἔχει
1533 4835 1559 4885 ὁ
1595 4833 1885 4902 ἄνθρωπος
1920 4833 2043 4886 ὅθεν

462 4927 555 4975 τὶν
585 4924 716 4975 Θεὸν
749 4924 1035 4995 ἀγαπήσῃ.
1083 4926 1167 4977 ὅτι
1212 4925 1286 4995 μὴ
1340 4928 1402 4977 ὲκ
1457 4926 1553 4978 τοῦ
1606 4927 1765 4978 Θεοῦ.
1798 4927 1887 4977 Διὸ
1924 4927 2044 4993 μετ’

463 5017 618 5083 ῶίγα
654 5016 841 5085 φησὶν,
881 5035 899 5067 ι
951 5017 1133 5084 Ἦμᾶς
1162 5018 1217 5069 δὲ
1241 5017 1569 5085 ἀγαπῶμεν,
1599 5018 1683 5069 ὅτι
1715 5018 1878 5080 αὐτὸς
1910 5020 2045 5087 ττρό-

466 5127 624 5178 τερον
675 5110 967 5179 ἠγάπησεν
1006 5111 1175 5178 ἡμᾶς.
1223 5127 1241 5160 ι
1278 5110 1388 5162 Καὶ
1431 5112 1458 5161 ὁ
1498 5109 1797 5171 ἀπόστολος
1832 5110 2044 5174 Παῦλος

476 5220 493 5251 ε
540 5201 602 5252 Ἢ
632 5201 824 5271 ἀγάπη
861 5200 954 5251 τοῦ
983 5199 1141 5263 Θεοῦ,
1194 5220 1211 5251 ι
1246 5200 1433 5268 φησὶν,
1464 5219 1481 5251 ι
1511 5200 1801 5268 ἐκκέχυται
1834 5202 1893 5251 ὲν
1925 5205 2047 5265 ταῖς

468 5294 721 5360 καρδίαις
752 5294 911 5364 ἡμῶν
956 5293 1044 5346 διὰ
1099 5293 1418 5363 Πνεύματος
1463 5291 1624 5361 ἁγίου
1662 5292 1756 5346 τοῦ
1800 5293 2045 5356 δοθέντος

470 5403 623 5455 ημιν.
664 5405 683 5438 ι

553 5737 572 5769 ⁸
607 5736 765 5795 Joan.
795 5754 869 5804 tv,
911 5738 998 5793 I5.
1098 5741 1117 5772 ’
1158 5738 1288 5796 ibid.
1322 5738 1404 5793 I9.
1517 5737 1557 5768 '°
1592 5734 1726 5790 Rom
1783 5750 1833 5799 ν,
1871 5731 1923 5786 5.

2032 5732 2073 5764 “
2105 5731 2118 5785 l
2145 5730 2273 5784 Cor.
2307 5744 2423 5794 xm,
2484 5728 2500 5780 ι
2541 5745 2691 5799 seqq.

2152 4544 2291 4595 ὲστισ
2333 4540 2430 4592 καὶ
2462 4539 2554 4591 ἐὰν
2586 4536 2812 4611 ψωμίσῃ
2846 4541 3023 4591 πάντα
3055 4537 3124 4590 τὰ
3171 4538 3491 4608 ὑπάρχοντα
3529 4540 3726 4600 αὐτοῦ,

2152 4636 2248 4688 καὶ
2282 4634 2377 4686 ἐάν
2412 4632 2641 4703 παραδῴ
2680 4633 2740 4685 τὸ
2781 4632 2942 4701 σῶμα
2976 4630 3166 4696 αὐτοῦ,
3197 4632 3287 4683 ἶνα
3336 4632 3538 4699 καυθῇ,
3571 4633 3727 4685 οὐδὲν

2148 4727 2463 4795 ὠφελεῖται.
2512 4728 2684 4778 Πόσον
2736 4724 2917 4777 τοίνυν
2971 4722 3174 4789 ἀγαθόν
3229 4724 3386 4787 ἐστι,
3437 4717 3498 4776 οῦ
3552 4724 3727 4793 χωρὶς

2150 4820 2286 4889 πρὸς
2335 4820 2433 4887 τὴν
2477 4816 2697 4869 αἰώνιον
2728 4813 2876 4884 ζωὴν
2909 4815 3101 4868 οὐδένα
3144 4814 3385 4867 τοσαῦτα
3430 4814 3726 4883 ὁδηγοῦσιν

2149 4909 2365 4975 ἁγαοά;
2412 4907 2561 4976 Αὐτὴ
2588 4907 2644 4958 δὲ
2680 4907 2712 4974 ἡ
2744 4907 2959 4975 ἀγάπη,
2997 4907 3045 4957 εί
3080 4906 3177 4958 καὶ⁵
3211 4906 3287 4973 μὴ
3329 4903 3608 4972 γλώσσαις
3630 4904 3730 4957 λα-

2149 4999 2249 5063 λεῖ,
2282 5002 2405 5069 μήτ’
2437 4999 2550 5067 ἔχει
2582 4997 2945 5066 προφητείαν,
2980 4997 3117 5065 μήτε
3165 4996 3348 5048 πάντα
3384 4991 3496 5047 οἶδε
3526 4994 3597 5047 τὰ
3627 5011 3729 5063 μυ·-

2151 5092 2369 5161 στηρία.
2403 5095 2496 5144 καὶ
2532 5092 2713 5143 πᾶσαν
2751 5090 2846 5159 τὴν
2877 5089 3102 5157 γνῶσιν,
3140 5090 3281 5157 μήτε
3311 5087 3554 5156 ψωμίςει
3583 5103 3731 5138 πτω-

2151 5186 2265 5254 χοῖς
2313 5183 2491 5234 πάντα
2533 5182 2598 5233 τὰ
2652 5180 2876 5246 ἑαυτῆς,
2919 5180 2950 5248 ἣ
2992 5179 3070 5246 τῷ
3120 5177 3194 5248 μὴ
3245 5179 3390 5248 ἔχειν
3428 5178 3481 5231 τί
3520 5178 3636 5232 ποτ’
3662 5176 3731 5229 ἂν

2150 5275 2476 5345 ψωμίσειεν,
2512 5273 2547 5343 ἦ
2596 5290 2705 5324 τινι
2764 5272 2978 5339 ἀνάγκη
3012 5269 3345 5329 κωλυῢεῖσα,
3379 5272 3519 5339 μήτε
3555 5288 3735 5337 παραυ

2151 5367 2313 5417 ὃώτει
2350 5364 2410 5415 τὸ
2464 5363 2624 5430 σῶμα
2673 5360 2874 5428 ἑαυτῆς
2907 5357 2982 5419 ὡς
3031 5358 3307 5427 καυθῆναι
3335 5398 3351 5421 ,
3404 5360 3453 5410 εἰ
3491 5359 3733 5411 τοιοῦτον

2157 5458 2362 5518 πάθους
2414 5455 2604 5525 μηδείς
2663 5457 2778 5506 ἐστι
2824 5454 3174 5522 πειρασμὸς,
3229 5453 3566 5522 χειραγωγεί
3599 5452 3738 5519 πρὸς

2159 5551 2257 5622 τὴν
2315 5549 2592 5618 βασιλείαν
2656 5548 2754 5599 -ὼτ
2808 5549 2902 5599 καὶ
2958 5545 3128 5615 αὐτὴν
3173 5545 3273 5613 τὴν
3338 5545 3531 5599 πίστιν
3572 5545 3738 5615 μηδὲν

2796 5720 2835 5757 ¹¹
2868 5727 2882 5780 I
2912 5727 3035 5782 Cor.
3073 5745 3125 5791 v,
3158 5727 3212 5779 (Β.
