3992 6210
309 314 446 380 ιιει

1205 312 1637 373 TRANSLAT.
1685 312 1740 369 S.
1778 307 2208 368 AUGUSTINI
2254 305 2346 364 DE
2385 302 2678 364 TRINIT.

3423 291 3564 359 1122

308 441 378 493 ab
413 451 475 488 ea
533 432 643 486 {ide
696 446 801 499 qua
846 449 861 479 ι
893 440 943 483 et
984 429 1257 482 daunonrs
1314 426 1562 488 credunt,
1600 434 1646 475 et
1679 415 1894 475 contre-

2025 420 2130 471 iasu
2170 416 2431 470 Dominus
2470 416 2614 470 idem
2647 414 2868 478 quando
2898 425 3019 465 cum
3056 409 3284 464 muliere
3318 407 3561 463 Samari-

307 531 504 582 miscui
534 534 553 578 t
582 526 678 576 ³³.»
719 522 946 575 Dilertiu
987 523 1151 590 ιδιίιιγ
1175 536 1292 588 que
1312 535 1373 571 es
1407 518 1515 569 Deo
1538 527 1641 577 est,
1672 524 1724 567 et
1751 515 1891 574 licus

318 632 420 683 est,
459 618 681 688 proprie
740 615 977 685 Spiritus
1033 625 1256 667 saueius
1294 622 1397 671 est,
1436 623 1529 676 per
1571 622 1730 676 quem
1778 604 1891 657 dif-

318 714 568 769 funditur
630 712 683 763 iu
746 706 1005 762 cordibus
1074 704 1275 756 nostris
1337 700 1429 752 Dei
1474 698 1747 761 rharitas,
1798 709 1893 764 per

314 820 477 874 quam
511 818 610 856 nos
646 811 753 854 tota
788 798 1056 852 inhabitat
1094 793 1359 847 Trinitas.
1404 790 1671 857 Quocirca
1706 787 1896 840 rectis-

317 898 454 951 sime
506 894 746 963 Spiritus
801 899 1062 950 sanctus,
1120 901 1243 939 cum
1300 886 1370 938 sit
1428 884 1610 947 Deus,
1672 888 1896 930 voratur

316 990 481 1043 etiam
545 986 750 1039 donum
838 983 949 1035 Dei.
1013 979 1168 1044 Quod
1220 978 1423 1029 donum
1491 973 1709 1043 proprie
1764 969 1894 1038 quid

321 1063 717 1133 nisi'charitas
788 1072 1139 1141 intelligenda
1194 1078 1303 1132 est,
1354 1083 1473 1134 quae
1525 1063 1779 1133 producit
1828 1063 1895 1114 ad

322 1172 514 1233 Deum,
560 1180 613 1222 et
660 1168 778 1222 sine
820 1182 926 1234 qua
994 1163 1275 1232 quodlibet
1348 1159 1495 1213 aliud
1547 1158 1750 1210 donum
1804 1152 1899 1206 Dei

322 1280 431 1319 non
461 1261 713 1333 produrit
745 1258 813 1312 ad
848 1257 1019 1311 Deum
1049 1257 1071 1308 ?

884 1390 1116 1447 CAPUT
1161 1388 1302 1442 XlX.

397 1539 477 1585 An
510 1542 562 1584 et
597 1530 701 1582 hoc
763 1524 1104 1596 probandum
1152 1529 1253 1585 est,
1305 1518 1401 1573 Dei
1434 1517 1639 1571 donum
1694 1515 1900 1568 dictum

330 1640 454 1680 esse
486 1625 538 1677 in
573 1621 746 1676 sacris
770 1618 996 1671 Litteris
1028 1615 1293 1683 Spiritum
1320 1620 1571 1665 sanctum
1590 1610 1611 1661 1’
1632 1606 1690 1661 Si
1719 1618 1773 1661 et
1803 1607 1906 1658 hoc

332 1723 704 1784 exspectatur,
778 1711 1043 1763 habemus
1125 1706 1178 1758 in
1246 1701 1539 1770 Evangelio
1597 1699 1899 1752 secundum

1995 522 2120 566 tana
2175 510 2240 562 ad
2303 517 2526 578 puteum
2590 504 2939 574 loquebatur,
3000 502 3089 555 cui
3131 501 3390 554 dixerat:
3429 521 3444 548 ι
3487 496 3561 549 Da

1997 602 2128 656 mihi
2165 602 2371 665 bibere,
2407 620 2422 649 ι
2452 613 2577 650 cum
2612 598 2697 654 illa
2732 595 3129 664 respondisset,
3153 592 3298 662 quod
3329 610 3347 642 ι
3383 589 3561 648 ,Ιιιιιδιί

1997 709 2105 747 non
2138 702 2434 746 contuntnr
2472 689 2858 755 Samaritanis,
2897 705 2916 738 ι
2966 685 3252 754 respondit
3286 682 3474 745 Jesus,
3510 689 3565 734 et

1997 786 2134 840 dixit
2185 784 2233 838 ei
2270 801 2284 836 :
2329 803 2346 835 ι
2387 782 2441 836 Si
2493 783 2665 836 scires
2700 781 2903 834 donum
2947 777 3065 841 Dei,
3104 788 3157 830 et
3190 776 3312 843 quis
3351 784 3432 828 est
3472 776 3563 843 qui

1998 878 2134 944 dicit
2194 876 2327 940 tibi,
2378 876 2448 928 Da
2505 873 2634 926 mihi
2675 872 2903 933 bibere,
2962 879 3017 923 tu
3073 868 3301 922 forsitan
3340 868 3569 933 petissvs

2001 969 2069 1021 ab
2106 981 2196 1029 co,
2236 976 2290 1019 et
2341 964 2585 1017 dedisset
2619 960 2713 1015 tibi
2749 974 2947 1029 aquam
3008 960 3210 1011 vivam.
3246 953 3275 1008 ‘p
3322 956 3466 1008 Dixit
3519 954 3568 1005 ei

2000 1058 2237 1113 mulier:
2273 1075 2292 1108 ‹
2330 1056 2578 1120 Domine,
2610 1068 2791 1122 neque
2824 1052 2878 1105 in
2909 1066 3017 1119 quo
3048 1050 3273 1103 haurias
3298 1048 3485 1109 habes,
3519 1057 3572 1096 et

1999 1162 2200 1221 puteus
2228 1151 2369 1202 altus
2401 1156 2487 1201 est
2514 1163 2530 1214 ;
2564 1146 2706 1200 unde
2724 1160 2855 1211 ergo
2880 1145 3046 1197 habes
3075 1157 3267 1211 aquam
3302 1140 3475 1192 vivam
3499 1137 3520 1189 ?
3548 1156 3565 1187 ι

2006 1254 2059 1298 et
2094 1255 2315 1297 caetera.
2349 1240 2655 1309 Respondit
2694 1236 2853 1291 Jesus
2879 1247 2931 1290 et
2962 1234 3101 1288 dixit
3133 1250 3146 1287 :
3190 1252 3209 1284 ι
3256 1231 3445 1286 Omnis
3480 1232 3571 1298 qui

2004 1334 2205 1388 biberit
2244 1348 2311 1388 ex
2350 1332 2455 1385 hac
2484 1344 2627 1400 aqua
2695 1328 2841 1382 sitiet
2904 1326 3131 1387 iterum;
3169 1323 3258 1391 qui
3285 1331 3462 1373 autem
3498 1320 3579 1372 bi—

2004 1424 2149 1479 berit
2177 1439 2240 1477 ex
2279 1437 2447 1492 aqua,
2488 1434 2654 1489 quam
2702 1417 2843 1471 dabo
2883 1416 2953 1480 ei,
2987 1430 3095 1467 non
3138 1414 3285 1467 sitiet
3324 1414 3376 1464 in
3422 1422 3578 1462 auer-

2005 1532 2176 1581 num;
2214 1516 2310 1569 sed
2348 1529 2511 1583 aqua,
2536 1526 2700 1581 quam
2737 1524 2837 1580 ego
2865 1509 3005 1562 dabo
3039 1509 3109 1571 ei,
3150 1507 3238 1559 lict
3275 1508 3328 1557 in
3365 1519 3429 1557 eo
3457 1502 3578 1556 fons

2007 1622 2163 1677 aqua:
2197 1606 2451 1660 salientis
2502 1603 2556 1655 in
2610 1601 2774 1654 vitam
2815 1610 3072 1653 aeternam
3098 1597 3158 1650 ιθ.
3200 1614 3219 1646 ι
3260 1593 3399 1660 Quia
3445 1606 3578 1661 ergo

2012 1702 2127 1754 haec
2164 1714 2305 1766 aqua
2342 1680 2487 1759 viva,
2520 1695 2665 1750 sient
2692 1692 3030 1758 evangelista
3057 1689 3301 1759 exponit,
3336 1685 3577 1754 Spiritus

332 1807 596 1861 Joannem
644 1798 860 1854 Domini
891 1795 1018 1850 Jesu
1048 1792 1254 1850 Christi
1287 1791 1452 1845 verba
1480 1789 1717 1842 dicentis
1746 1804 1759 1839 :
1801 1805 1819 1837 ι
1850 1785 1905 1839 Si
1943 1782 1981 1836 Β
2012 1801 2101 1845 est
2134 1802 2382 1854 Sanctus,
2414 1787 2602 1857 procul
2632 1786 2800 1839 dubio
2832 1782 3073 1852 Spiritus
3099 1780 3304 1834 donum
3344 1772 3435 1829 Dei
3470 1787 3578 1840 est,

336 1897 459 1967 quis
492 1894 631 1960 sitit,
652 1891 833 1945 veniat
868 1889 933 1941 ad
962 1902 1066 1948 me,
1093 1892 1146 1937 et
1178 1883 1343 1937 bibat.
1377 1898 1496 1931 ι-ι
1524 1877 1624 1967 ριιί
1659 1876 1831 1930 credit
1856 1876 1908 1929 in

339 2009 447 2054 me,
487 1994 631 2045 sicut
672 1987 802 2042 dicit
836 1983 1142 2053 Scriptura,
1187 1979 1411 2032 ﬂumina
1465 1976 1532 2030 de
1574 1955 1913 2041 ventrecius

338 2086 511 2140 ﬂuent
541 2096 695 2151 aqua:
738 2080 898 2133 vivae.
933 2096 951 2128 ι
988 2075 1162 2128 Porro
1193 2072 1525 2138 evangelista
1555 2077 1780 2123 secutus
1813 2066 1912 2118 ad—

337 2176 555 2245 iunxit:
596 2191 613 2223 ι
656 2170 770 2224 Hoc
800 2179 980 2221 autem
1011 2164 1150 2218 dixit
1183 2163 1248 2217 de
1286 2161 1515 2229 Spiritu,
1548 2173 1708 2228 quem
1750 2172 1908 2209 acce-

264 2264 267 2265 ⁷
340 2265 488 2337 pturi
525 2273 683 2318 erant
704 2261 992 2316 credentes
1024 2258 1077 2309 in
1107 2254 1317 2309 eum“.
1363 2272 1380 2303 ι
1406 2250 1563 2305 Unde
1592 2249 1723 2303 dicit
1754 2248 1914 2300 etiam

342 2357 552 2412 Paulus
586 2354 867 2423 apostolus
918 2368 931 2403 :

345 2449 652 2520 putavimus
674 2446 741 2500 ⁸³.
777 2463 795 2494 ι
834 2441 1032 2498 Utrum
1059 2449 1237 2493 autem
1272 2437 1476 2490 donum
1503 2433 1596 2489 Dei
1629 2433 1700 2487 sit
1732 2432 1919 2500 appel-

347 2544 458 2595 lata
480 2553 620 2607 aqua
654 2536 784 2600 ista,
814 2547 935 2603 quae
968 2541 1054 2585 est
1088 2529 1330 2599 Spiritus
1361 2533 1609 2591 sanctus,
1642 2525 1742 2585 hoc
1770 2538 1919 2590 qure-

344 2636 508 2687 ritur.
553 2627 662 2683 Sed
699 2629 845 2680 sicut
882 2626 971 2679 hic
1013 2620 1325 2676 invenimus
1378 2618 1520 2670 hanc
1550 2631 1748 2683 aquam
1794 2612 1918 2680 Spi-

348 2727 512 2781 ritum
558 2734 812 2777 sancwm
868 2732 1014 2783 esse,
1048 2717 1125 2769 ita
1168 2712 1481 2766 invenimus
1530 2706 1661 2760 alibi
1717 2707 1769 2758 in
1802 2708 1921 2772 ipso

349 2813 644 2885 Evangelio
702 2811 844 2863 hanc
895 2821 1092 2874 aquam
1149 2804 1357 2857 donqu
1412 2798 1507 2852 Dei
1565 2794 1918 2865 appellatam.

350 2996 538 3064 ἕτερον
568 2992 713 3043 ποιεῖ
749 2986 1024 3056 ὠφέλιμον
1077 2979 1237 3048 εἶναι,
1270 2982 1352 3033 ὅτι
1386 2980 1461 3049 μὴ
1489 2979 1520 3046 ἡ
1557 2977 1767 3046 ἀγάπη.
1794 2976 1921 3027 Χω-

353 3092 441 3160 pi;
484 3086 591 3153 γὰρ
637 3082 858 3151 ἀγάπης
914 3081 947 3148 ἡ
1005 3077 1192 3137 πίστις
1236 3073 1458 3126 δύναται
1516 3071 1616 3140 μὲν
1667 3065 1828 3133 εἶναι,
1862 3067 1923 3119 οὐ

362 3180 468 3251 μὴν
513 3179 566 3231 δὲ
606 3178 698 3229 καὶ
748 3172 1007 3242 ὠφελεῖν.
1058 3168 1251 3221 Ἔνθεν
1306 3183 1391 3218 τοι
1433 3166 1527 3217 καὶ
1572 3165 1599 3216 6
1628 3161 1922 3222 ἀπόστολος

356 3270 587 3331 Παῦλος,
621 3286 638 3317 ι
677 3266 767 3317 Ἐν
818 3260 1060 3332 Χριστῷ,
1099 3279 1116 3311 ι
1164 3257 1354 3328 φησὶν,
1388 3274 1406 3305 ‹
1457 3253 1630 3322 Ἰησοῦ
1664 3250 1788 3304 οὕτε
1829 3266 1924 3303 πε-

359 3364 553 3435 ριτομή
587 3377 640 3411 τι
670 3356 864 3426 ίσχύει,
897 3352 1021 3407 οὔτε
1066 3347 1427 3421 ἀκροϐυστία,
1470 3344 1606 3397 ἀλλὰ
1651 3343 1855 3405 πίστις,
1893 3342 1927 3411 ἡ

358 3456 444 3506 διὰ
491 3456 589 3520 τῆς
636 3451 859 3518 ἀγάπης
904 3442 1293 3513 ἐνεργουμένη,
1334 3458 1351 3489 ι
1396 3436 1571 3498 οὕτως
1606 3434 1778 3504 αὐτὴν
1808 3434 1928 3485 διας

360 3544 562 3615 κρίνων
592 3542 697 3594 ἀπὸ
727 3541 825 3608 τῆς
854 3537 1115 3598 πίστεως,
1146 3530 1269 3584 καθ’
1303 3530 1370 3599 ἣν
1403 3547 1420 3579 ι
1457 3527 1553 3580 καλ⁸
1582 3527 1650 3578 τά
1678 3524 1930 3592 δαιμόνια

362 3632 676 3687 πιστεύουσι
709 3630 802 3681 καὶ
842 3626 1178 3695 φρίττουσιν.
1212 3638 1231 3671 ι
1280 3621 1344 3670 Ἠ
1370 3617 1560 3685 ἀγάπη
1580 3614 1779 3680 τοίνυν,
1809 3613 1931 3683 ἣτις

363 3730 426 3778 ἑκ
453 3722 548 3775 τοῦ
584 3721 720 3773 Θεοῦ
750 3721 888 3780 ἐστὶ,
916 3718 1010 3769 καὶ
1037 3714 1169 3776 Θεός
1201 3713 1317 3764 ἔστι
1353 3709 1582 3779 κυρίως,
1612 3709 1672 3760 τὸ
1708 3704 1931 3773 Πνεῦμα

362 3817 621 3885 τὸιᾶγιὸν
658 3816 800 3875 ἐστι,
840 3812 906 3864 δι’
942 3801 1003 3862 οὗ
1055 3807 1349 3874 ἐκκέχυται
1405 3804 1462 3854 ὲν
1510 3804 1631 3861 ταῖς
1683 3798 1935 3868 καρδίαις

362 3908 521 3978 ἡμῶν
561 3907 595 3974 ἠ
628 3904 720 3955 τοῦ
743 3900 878 3955 Θεοῦ
903 3896 1199 3967 ἀγάπη,δι’
1232 3891 1298 3966 ἧς
1332 3895 1389 3945 ὲν
1417 3892 1600 3961 ἡμίνὴ
1632 3888 1803 3957 Τριάς
1834 3887 1933 3954 ὅλη

365 4002 588 4053 ἐνοικεῖ.
632 3996 844 4065 Ἀμέλει
893 3993 991 4045 καὶ
1039 3990 1308 4059 ὀρθότατα
1336 3986 1396 4038 τὸ
1423 3982 1643 4051 Πνεῦμα
1668 3980 1729 4032 τὸ
1781 3982 1935 4046 ἀγιον

366 4095 497 4156 Θεὸς
515 4091 596 4154 ὃν,
623 4090 720 4142 καὶ.
735 4087 907 4157 δῶρον
929 4081 1062 4136 Θεοῦ
1087 4079 1431 4134 καλεῖται.Ὃ
1451 4077 1625 4143 δῶρον
1649 4073 1855 4142 κυρίως
1884 4068 1936 4121 τί

368 4203 501 4255 πρτε
530 4184 717 4250 ἕτερον
748 4178 990 4245 νοητέον,
1027 4176 1110 4227 ὅτι
1145 4176 1218 4243 μὴ
1247 4171 1348 4239 τὴν
1391 4169 1639 4235 ἀγάπην,
1671 4165 1768 4234 τὴν
1802 4163 1937 4232 πρὸς

367 4280 458 4330 τὸν
492 4276 625 4327 Θεὸν
659 4271 1046 4339 προσάγουσαν
1074 4302 1089 4329 ,
1138 4263 1238 4315 καὶ
1283 4257 1352 4331 ἦς
1410 4257 1580 4328 χωρὶς
1611 4257 1720 4308 πᾶν
1758 4250 1938 4306 ὁτιοῦν

369 4370 557 4434 ἕτερον
589 4362 748 4417 Θεοῦ.
773 4362 1022 4430 χάρισμα
1057 4358 1118 4407 οὐ
1162 4353 1435 4424 προσάγει
1469 4350 1604 4419 πρὸς
1635 4348 1727 4400 τὸν
1758 4345 1891 4397 Θεόν
1921 4357 1937 4408 ;

968 4471 1217 4524 ΚΕΦΛᾹ.
1252 4466 1352 4519 1Θ’.

378 4575 498 4629 Τίνι
526 4574 686 4639 λόγῳ
717 4566 909 4639 δῶρον
937 4563 1032 4639 καὶ
1058 4562 1341 4639 ᾕχάρισμςι
1380 4555 1489 4609 τοῦ
1514 4553 1663 4609 Θεοῦ
1702 4553 1942 4622 λέγεται

827 4638 895 4686 τὸ
925 4632 1164 4699 Πνεῦμα
1193 4631 1255 4682 τὸ
1286 4628 1476 4695 ἅγιον.

441 4729 567 4802 'Ap‘
624 4729 716 4782 οῦν
771 4727 864 4779 καὶ
922 4722 1067 4776 τοῦτ’
1117 4720 1510 4783 ἀποδεικτέον,
1575 4717 1749 4787 δῶρον
1802 4714 1941 4768 Θεοῦ

373 4824 628 4895 εἰρῆσθαι
688 4824 745 4873 ὲν
794 4822 917 4881 ταῖς
970 4816 1154 4883 ἁγίαις
1209 4813 1454 4883 Γραφαῖς
1500 4810 1561 4863 τὸ
1609 4808 1833 4877 Πνεῦμα
1885 4805 1946 4858 τὸ

374 4919 566 4983 am»;
602 4914 765 4969 Ἀλλά
799 4912 892 4965 καὶ
938 4909 1097 4963 τοῦτο
1127 4908 1209 4970 τίς
1261 4907 1580 4974 ὲκδέχεται;
1620 4903 1858 4972 Ἔχομεν
1889 4901 1948 4951 ὲν

372 5010 451 5078 τῷ
483 5006 624 5060 κατά
648 5003 901 5071 Ἰωάννην
936 4998 1258 5067 Εὑαγγελίῳ
1303 4999 1374 5049 τὰ
1405 4996 1500 5049 τοῦ
1535 4994 1743 5065 Κυρίου
1785 4992 1945 5062 ἡμῶν

377 5103 597 5173 ῥήματα
627 5098 899 5163 λέγοντος,
932 5111 951 5144 ι
990 5093 1062 5147 Εἴ
1087 5109 1171 5154 τις
1202 5089 1355 5159 διψᾷ,
1396 5087 1643 5158 ἐρχέσθω
1675 5086 1812 5154 πρός
1852 5102 1940 5153 με,

374 5190 468 5244 καὶ
495 5190 708 5243 πινέτω.
743 5204 866 5237 ι--ι
914 5183 972 5238 Ὀ
1011 5184 1283 5235 πιστεύων
1309 5182 1387 5243 είς
1407 5180 1531 5249 ἐμὲ,
1556 5197 1574 5229 ι
1614 5179 1687 5241 ὡς
1730 5177 1881 5229 εἶπεν
1910 5178 1942 5246 ἡ

373 5283 586 5354 Γραφὴ,
617 5299 636 5331 ι
670 5279 905 5348 ποταμοὶ
943 5280 1007 5330 ἐκ
1047 5276 1146 5345 τῆς
1184 5266 1397 5335 κοιλίας
1453 5271 1620 5325 αὑτοῦ
1656 5271 1945 5341 ῥεύσουσιν

375 5374 566 5436 ὓδατος
598 5372 836 5437 ζῶντος.
879 5388 897 5420 ι
962 5369 1143 5430 Εὐθὺς
1195 5366 1252 5419 δὲ
1311 5366 1406 5418 καὶ
1463 5365 1491 5416 6
1543 5361 1947 5430 εὐαγγελιστὴς

374 5467 638 5535 ἑπόμενος
690 5462 918 5532 συνῆψε,
957 5480 976 5512 ‹
1015 5459 1187 5511 Τοῦτο
1231 5459 1287 5511 δὲ
1342 5454 1463 5510 εἶπε
1496 5456 1625 5527 περὶ
1657 5456 1749 5508 τοῦ
1778 5456 1948 5508 Πνεῦ-

377 5576 565 5629 ματος,
606 5554 666 5613 οὗ
720 5556 944 5627 ἔμελλον
999 5554 1301 5622 λαμϐάνειν
1352 5553 1400 5604 oi
1458 5549 1810 5611 πιστεύοντες
1866 5550 1945 5611 εἰς

474 5740 657 5795 "Jac.
696 5754 754 5803 ιι,
792 5738 884 5792 l9.
982 5739 1025 5769 “
1053 5733 1212 5792 Joan.
1234 5751 1328 5803 vn,
1356 5735 1541 5790 57-59.

989 2367 1007 2399 ι
1061 2348 1124 2401 Et
1185 2359 1378 2399 omnes
1414 2358 1585 2396 unum
1648 2339 1943 2409 Spiritum‘

1644 5736 1687 5767 ’³
1716 5734 1735 5789 ι
1766 5731 1893 5788 Cor.
1929 5747 2022 5798 λιι,
2059 5731 2138 5784 l5.

2014 1887 2080 1938 de
2114 1897 2222 1952 quo
2254 1882 2343 1935 hic
2385 1880 2650 1934 Dominus
2676 1879 2789 1932 ait:
2830 1894 2847 1927 ι
2892 1877 2948 1929 Si
2990 1874 3161 1928 scires
3215 1871 3420 1924 donum
3461 1859 3578 1929 Dei,

2014 1984 2069 2030 et
2093 1976 2215 2043 quis
2236 1981 2319 2028 est
2341 1973 2432 2042 qui
2466 1971 2600 2025 dicit
2620 1970 2742 2032 tibi,
2770 1968 2844 2021 Da
2875 1966 3005 2019 mihi
3032 1964 3237 2025 bibere,
3261 1970 3319 2014 tu
3353 1959 3580 2013 forsitan

2017 2067 2250 2137 petisses
2272 2065 2448 2128 abeo,
2473 2074 2527 2118 et
2556 2063 2795 2117 dedisset
2817 2061 2911 2114 tibi
2939 2074 3134 2128 aquam
3167 2057 3367 2109 vivam.
3400 2073 3418 2105 ι
3443 2054 3582 2107 Nam

2017 2162 2159 2228 quod
2232 2158 2307 2211 ibi
2379 2157 2473 2220 ait,
2529 2173 2547 2206 ι
2593 2153 2841 2208 Flumina
2889 2153 2955 2206 de
3013 2158 3206 2203 ventre
3252 2151 3372 2217 ejus
3421 2146 3589 2200 ﬂuent

2019 2265 2176 2318 aqua:
2203 2250 2360 2323 vivae,
2401 2266 2419 2299 ι
2463 2247 2564 2300 hoc
2605 2246 2721 2298 isto’
2749 2246 2914 2306 loco;
2957 2261 2974 2293 ι
3013 2242 3131 2297 Fiet
3175 2243 3343 2303 ineo,
3386 2239 3585 2308 inquit,

2022 2346 2142 2397 l‘ous
2175 2356 2326 2410 aquae
2390 2338 2635 2395 salientis
2689 2338 2743 2391 in
2784 2337 2948 2390 vitam
2997 2344 3279 2389 aeternam.
3334 2351 3354 2383 ι
3390 2331 3590 2404 Paulus

2021 2449 2239 2503 quoque
2289 2432 2572 2502 apostolus
2622 2472 2638 2498 ,
2688 2447 2706 2480 ι
2748 2427 3079 2495 UttiCnique,
3115 2425 3313 2494 inquit,
3347 2432 3590 2476 nostrum

2022 2529 2185 2582 datur
2214 2526 2390 2595 gratia
2415 2525 2713 2579 secundum
2747 2536 3056 2575 mensuram
3087 2518 3402 2591 donationis
3433 2514 3592 2570 Chri-

2023 2620 2091 2672 sti
2118 2618 2181 2671 ”.
2207 2637 2225 2669 ι
2259 2619 2433 2685 Atque
2457 2626 2517 2669 ut
2546 2614 2894 2670 donationem
2922 2610 3129 2666 Christi
3161 2609 3426 2679 Spiritum
3459 2623 3591 2662 san-

2024 2719 2169 2764 ctum
2203 2709 2535 2771 ostenderet,
2567 2715 2785 2761 secutus
2822 2704 3108 2774 adiunxit:
3142 2720 3161 2753 ι
3183 2701 3410 2772 Propter
3440 2702 3586 2770 quod

2025 2801 2190 2855 dicit:
2232 2799 2492 2856 Ascendit
2521 2801 2574 2853 in
2606 2798 2809 2863 altum;
2846 2795 3143 2865 captivavit
3183 2792 3586 2864 captivitatem,

2026 2979 2210 3033 αὐτόν.
2267 2998 2284 3030 ι
2354 2975 2516 3031 Ὅθεν
2574 2978 2709 3047 φησι
2768 2976 2864 3031 καὶ
2917 2976 2946 3028 6
2998 2973 3298 3035 ἀπόστολος
3360 2972 3593 3038 Παῦλος,

2033 3094 2050 3127 ι
2099 3074 2207 3128 Καὶ
2255 3073 2455 3134 πάντες
2508 3072 2566 3123 ἒν
2618 3069 2841 3139 Πνεῦμα
2899 3069 3149 3138 ἐπίομεν.
3189 3085 3208 3119 ι
3252 3067 3490 3135 Πότερον
3539 3066 3598 3119 δὲ

2025 3168 2196 3238 δῶρον
2228 3165 2361 3219 Θεοῦ
2396 3162 2692 3233 ὠνομάσθη
2733 3162 2854 3215 τόδε
2900 3161 2961 3215 τὸ
3006 3161 3172 3230 ὕδωρ,
3222 3160 3361 3231 ὅπερ
3392 3161 3508 3212 ἐστὶ
3536 3159 3599 3211 τὸ

2030 3256 2273 3325 Πνεῦμα,
2332 3253 2492 3307 τοῦτο
2553 3252 2823 3321 ζητεῖται.
2885 3249 3027 3303 Ἀλλ’
3099 3250 3291 3320 ὥσπερ
3362 3247 3601 3302 ἐνταῦθα
3682 3255 3692 3267 ·

2028 3349 2355 3416 εὑρίσκομεν
2382 3346 2500 3398 τόδε
2531 3346 2591 3396 το
2626 3342 2770 3413 ὕδωρ
2797 3342 2857 3394 τὸ
2900 3341 3123 3411 Πνεῦμα
3149 3342 3211 3393 τὸ
3251 3342 3405 3408 ἀγιον
3438 3337 3598 3406 εἷναι,

2030 3437 2199 3501 οὕτως
2248 3438 2578 3507 εὑρίσκομεν
2619 3436 2714 3487 καὶ
2761 3433 2995 3502 ἀλλαχοῦ
3029 3436 3087 3484 ἐν
3117 3434 3269 3502 αὐτῷ
3303 3432 3381 3500 τῷ
3413 3432 3594 3499 Εὐαγ-

2026 3531 2196 3599 ,γελίῳ
2225 3528 2379 3581 τοῦτο
2411 3529 2468 3581 τὸ
2500 3526 2643 3596 ὕδωρ
2675 3525 2779 3579 τοῦ
2813 3524 2962 3577 Θεοῦ
2997 3523 3191 3593 δῶρον
3221 3540 3596 3594 προσαγορευ-

2034 3624 2144 3676 θέν.
2184 3623 2292 3674 Καὶ
2337 3623 2448 3689 γὰρ
2482 3623 2510 3672 6
2551 3618 2712 3681 αὐτὸς
2756 3618 2958 3686 Κύριος
2989 3618 3053 3687 τῇ
3107 3614 3463 3685 Σαμαρείτιδι
3508 3630 3604 3679 γυ-

2035 3719 2183 3786 ναικὶ
2253 3716 2403 3785 παρά
2472 3713 2549 3782 τῷ
2610 3714 2805 3782 φρέατι
2864 3710 3093 3780 ὁμιλῶν,
3142 3703 3286 3780 ᾗπερ
3358 3706 3604 3775 εἴρηκεν,

2044 3828 2062 3861 ι
2128 3810 2225 3871 Δός
2283 3826 2374 3877 μοι
2432 3812 2597 3869 πιεῖν,
2666 3825 2683 3857 ι
2723 3798 2965 3875 ’ἐκείνης
3031 3800 3449 3871 ἀποκριθείσης,
3523 3799 3605 3851 ὅτι

2043 3920 2062 3954 ι
2104 3900 2352 3953 Ἰουδαῖοι
2403 3900 2463 3951 οὐ
2532 3896 2897 3964 συγχρῶνται,
2947 3894 3061 3955 τοῖς
3128 3889 3533 3961 Σαμαρείταις,
3584 3906 3601 3939 ι

2037 3992 2310 4062 ἀπεκρίθη
2362 3991 2454 4042 καὶ
2506 3986 2680 4053 εἶπεν,
2724 4006 2742 4037 ι
2801 3987 2859 4038 Εί
2896 3985 3043 4054 ᾔδεις
3093 3986 3192 4053 τὴν
3250 3981 3461 4048 δωρεάν
3509 3977 3601 4030 τοῦ

2038 4084 2196 4148 Θεοῦ,
2227 4083 2320 4136 καὶ
2365 4083 2447 4143 τίς
2477 4083 2624 4134 ἐστιν
2654 4082 2680 4131 6
2720 4077 2892 4146 λέγων
2935 4093 3040 4139 σοι,
3072 4075 3169 4135 Δός
3211 4090 3300 4141 μοι
3332 4071 3500 4132 πιεῖν,
3541 4069 3608 4122 σὺ

2042 4180 2107 4232 ἂν
2140 4177 2348 4249 ᾔτησας
2377 4173 2563 4235 αὑτὸν,
2594 4171 2689 4224 καὶ
2721 4170 2887 4222 ἔδωκέ
2921 4184 3004 4219 σοι
3039 4166 3182 4234 ὕδωρ
3218 4162 3347 4227 ζῶν.
3387 4181 3406 4214 ι
3443 4161 3611 4227 Λέγει

2041 4270 2189 4340 αὐτῷ
2216 4271 2249 4338 ἡ
2274 4269 2437 4336 γυνὴ,
2478 4285 2495 4317 ι
2535 4264 2731 4334 Κύριε,
2762 4260 2886 4313 οὕτε
2922 4260 3176 4326 ἄντλημα
3222 4256 3387 4326 ἔχεις,
3418 4253 3511 4306 καὶ
3552 4253 3612 4303 τὸ

2042 4363 2223 4432 φρέαρ
2254 4360 2366 4413 ἐστὶ
2390 4358 2525 4430 βαθύ
2550 4372 2563 4387 ’
2592 4356 2754 4407 ποθεν
2783 4352 2873 4405 οῦν
2900 4351 3045 4419 ἔχεις
3072 4350 3128 4401 τὸ
3156 4347 3301 4416 ὕδωρ
3331 4346 3390 4397 τὸ
3414 4345 3560 4411 Cum;
3590 4363 3607 4393 ι

1973 4490 2018 4545 D
2048 4456 2144 4509 καὶ
2178 4455 2245 4507 τά
2274 4453 2422 4521 ἑξῆς.
2455 4447 2757 4516 Ἀπεκρίθη
2809 4446 2837 4496 6
2886 4442 3091 4511 Ἰησοῦς
3124 4440 3215 4492 καί
3257 4433 3411 4489 εἶπεν
3447 4436 3611 4503 αὐτῇ,

2054 4567 2073 4599 ι
2114 4547 2229 4609 Πᾶς
2277 4545 2305 4595 6
2342 4543 2594 4597 πίνωνέκ
2622 4536 2715 4591 τοῦ
2750 4536 2937 4595 ὕδατος
2966 4532 3155 4585 τούτου
3179 4531 3397 4598 διψήσει
3433 4528 3612 4589 πάλιν,

2047 4636 2074 4687 6
2120 4634 2175 4686 δὲ
2214 4632 2384 4685 πίνων
2439 4633 2503 4682 ὲκ
2557 4628 2649 4691 τοῦ
2707 4625 2919 4685 ὓδατος,
2969 4614 3030 4674 οὗ
3080 4618 3190 4687 ἐγὼ
3242 4620 3399 4671 δώσω
3445 4617 3615 4686 αὐτῷ,

2049 4728 2340 4794 γενήσεται
2382 4722 2530 4791 αὑτῴ
2589 4719 2738 4788 πηγὴ
2781 4718 2971 4779 ὓδατος
3014 4714 3312 4782 ἁλλομένου
3358 4713 3439 4772 είς
3474 4708 3617 4777 ζωὴν

2050 4817 2291 4868 αἰώνιον.
2350 4831 2369 4864 ι
2402 4809 2624 4879 Ἐπειδὴ
2675 4808 2856 4862 τοίνυν
2906 4807 2966 4858 τὸ
2996 4805 3137 4874 ὕδωρ
3171 4803 3329 4855 τοῦτο
3371 4804 3431 4851 τὸ
3488 4797 3615 4863 ζῶν,

2052 4907 2305 4977 καθάπερ
2332 4907 2361 4959 6
2396 4902 2793 4972 εὐαγγελιστὴς
2842 4898 3174 4967 ἐξηγήσατο,
3208 4896 3270 4946 τὸ
3304 4892 3531 4959 Πνεῦμα
3560 4892 3620 4941 τὸ

2050 5001 2205 5069 ἅγιόν
2272 5001 2457 5061 ἐστιν,
2520 4992 2909 5062 ἀναμφιϐόλως
2975 4989 3147 5057 δῶρον
3202 4985 3297 5038 τοῦ
3359 4982 3498 5035 Θεοῦ
3559 4980 3621 5030 τὸ

2048 5092 2273 5159 Πνεῦμά
2328 5068 2631 5157 ἐστι,περὶί
2680 5084 2740 5139 οὗ
2799 5077 3036 5136 ἐνταῦθά
3096 5096 3263 5149 φησιν
3310 5080 3337 5129 ὁ
3392 5074 3615 5141 Κύριος,

2058 5206 2075 5237 ί
2119 5187 2179 5238 Εἰ
2235 5184 2380 5253 ᾔδεις
2415 5183 2513 5253 τὴν
2543 5166 2752 5251 δωρεὰν
2786 5179 2879 5230 τοῦ
2924 5176 3080 5239 Θεοῦ,
3114 5176 3205 5227 καὶ
3257 5169 3342 5231 τίς
3393 5169 3541 5218 ἐστιν
3593 5164 3621 5214 6

2052 5278 2222 5344 λέγων
2254 5292 2356 5338 σοι,
2393 5276 2488 5336 Δός
2540 5291 2631 5342 μοι
2664 5275 2829 5333 πιεῖν,
2866 5270 2930 5322 σὺ
2964 5268 3029 5321 ἂν
3066 5266 3277 5338 ᾔτησας
3312 5257 3500 5317 αὑτὸν,
3527 5252 3623 5306 καὶ

2052 5370 2220 5422 ἔδωκέ
2276 5384 2356 5419 σοι
2397 5366 2541 5435 ὕδωρ
2581 5364 2707 5427 ζῶν.
2749 5382 2767 5414 ι
2818 5364 2882 5414 Ὃ
2910 5361 3017 5429 γάρ
3065 5364 3181 5411 ἐκεῖ
3210 5357 3422 5426 εἴρηκε,
3464 5367 3482 5399 ι
3522 5349 3623 5400 Πη-

2053 5461 2219 5528 ταμοὶ
2253 5461 2314 5510 ἐκ
2345 5458 2442 5525 τῆς
2483 5455 2696 5516 κοιλίας
2725 5452 2889 5506 αὐτοῦ
2936 5452 3222 5522 ῥεύσουσιν
3250 5449 3443 5508 ῦᾰατος
3482 5444 3624 5508 ζῶν-

2054 5568 2164 5615 τος,
2229 5567 2246 5600 ι
2314 5548 2473 5600 τοῦτο
2534 5546 2768 5600 ἐνταῦθά
2828 5563 2984 5614 φησι,
3048 5563 3064 5594 ι
3135 5542 3429 5611 ιἐνήσεται
3472 5534 3623 5605 αὐτῷ

2706 5723 2889 5778 Ιθοίί.

2252 5730 2292 5759 ’³
2348 5728 2503 5782 Joan.
2562 5742 2636 5793 tv,
2706 5723 2889 5778 ιοοιι.
3003 5723 3041 5753 ¹⁷
3088 5718 3475 5792 iiphcs.tv,7.
