3992 6210
320 302 465 369 Ἠὲὗ

1212 289 1641 352 'l'liANSLAT.
1681 287 1740 348 S.
1777 285 2207 346 AUGUSTINI
2251 287 2346 346 DE
2383 286 2676 346 TRINIT.

3435 290 3570 353 1126

323 409 540 466 diabolo
586 405 754 469 eruti,
791 422 821 458 a
869 417 980 474 quo
1034 401 1232 468 captivi
1285 399 1650 463 tenebantur;
1700 395 1768 449 de
1814 393 2204 464 lIiSAquenle
2237 393 2400 450 Petro
2447 395 2610 450 verba
2654 397 2787 456 haec,
2823 395 3020 450 cecidit
3058 395 3298 460 Spiritus
3345 412 3573 457 sanctus

322 504 630 559 aediﬁcatur
683 501 884 552 domus
909 495 1142 557 Christi,
1174 511 1296 565 qua!
1348 493 1547 546 domus
1595 487 1900 557 appellatur

324 595 591 649 Ecclesia.
623 590 775 644 lianc
808 597 990 643 autem
1025 585 1396 654 captivitatem
1429 584 1542 650 ipse
1578 577 1898 647 eaptivavit,

322 689 416 758 qui
453 687 733 741 diabolum
771 682 920 737 vicit.
959 680 1026 734 Et
1061 694 1131 732 ne
1178 678 1289 739 illa,
1335 691 1454 745 qua:
1508 673 1689 725 futura
1742 675 1898 722 erant

323 780 500 836 sancti
555 777 750 846 capitis
801 772 1070 836 membra,
1128 771 1180 824 in
1242 777 1508 823 :eternum
1566 761 1894 831 supplicium

321 885 508 926 secum
541 870 803 927 traheret,
829 881 952 919 eum
982 863 1212 932 justitim
1259 860 1436 927 prius,
1475 855 1672 909 deinde
1703 862 1896 922 poten-

324 962 413 1016 tia:
435 961 666 1015 vinculis
691 958 950 1027 alligavit.
973 955 1094 1022 Ipse
1112 953 1294 1021 itaque
1317 949 1572 1002 diabolus
1591 954 1675 1000 est
1705 942 1896 1014 appel-

325 1057 432 1107 lata
480 1052 789 1122 captivitas,
823 1063 987 1118 quem
1035 1045 1356 1114 captivavit,
1392 1041 1483 1109 qui
1527 1037 1778 1092 ascendit
1837 1035 1890 1086 in

323 1147 518 1208 altum,
567 1151 620 1196 et
656 1140 802 1194 dedit
854 1139 998 1191 dona
1058 1133 1404 1192 hominibus,
1443 1129 1526 1182 vel
1572 1129 1784 1193 accepit
1832 1125 1888 1177 in

326 1237 663 1291 hmninibus.
705 1233 900 1286 Petrus
952 1236 1132 1281 autem
1165 1225 1480 1294 apostolus,
1535 1223 1679 1276 sicut
1729 1221 1782 1273 in
1826 1233 1892 1273 eo

323 1330 460 1382 libro
493 1325 760 1381 canonico
799 1323 1023 1391 legitur,
1050 1319 1139 1372 ubi
1175 1318 1364 1386 scripti
1404 1323 1535 1370 sunt
1565 1324 1720 1368 actus
1763 1325 1893 1381 apo-

321 1422 610 1482 stolorum,
642 1417 871 1485 loquens
901 1414 967 1467 de
995 1411 1239 1472 Christo,
1259 1408 1561 1465 commotis
1597 1407 1771 1459 cordo
1793 1405 1890 1460 Ju-

319 1513 453 1566 dzris
480 1518 531 1564 et
561 1507 868 1562 dicentibus
901 1524 914 1558 :
945 1523 964 1554 ι
1009 1502 1152 1568 Quid
1183 1516 1310 1568 ergo
1346 1499 1633 1563 faciemus,
1662 1497 1885 1561 fratres,

323 1613 625 1656 monstrate
658 1600 836 1662 nobis,
884 1616 902 1649 ι
939 1596 1078 1650 dixit
1107 1593 1173 1649 ad
1201 1609 1296 1648 eos
1329 1611 1341 1645 :
1381 1611 1399 1642 ι
1430 1591 1586 1658 Agite
1619 1589 1890 1657 pmniten-

323 1698 474 1759 tiam,
509 1692 892 1760 etbaptizetur
912 1686 1286 1757 unusquisque
1319 1693 1560 1738 vestrum
1586 1682 1638 1733 in
1667 1679 1886 1733 nomine

322 1783 534 1836 Domini
574 1780 700 1834 Jesu
736 1779 938 1833 Christi
973 1779 1026 1830 in
1084 1776 1462 1829 remissionem
1509 1782 1880 1840 peccatorum,

319 1885 372 1927 et
417 1873 699 1942 accipietis
751 1873 954 1925 donum
991 1869 1234 1938 Spiritus
1264 1867 1438 1920 sancti
1460 1864 1526 1918 ’°.
1572 1882 1590 1914 ι
1639 1861 1888 1930 Itemque

320 1969 375 2021 in
407 1966 598 2020 eodem
639 1965 780 2018 libro
810 1962 1027 2032 legitur,
1069 1958 1350 2015 Simonem
1387 1957 1599 2025 Magum
1629 1951 1891 2022 apostolis

318 2063 452 2112 dare
474 2057 713 2110 voluisse
738 2054 1046 2125 pecuniam,
1091 2061 1150 2105 ut
1184 2051 1249 2104 ab
1283 2054 1364 2104 eis
1401 2050 1679 2116 acciperet
1740 2054 1888 2114 pote-

319 2158 538 2215 statem,
574 2165 680 2218 qua
719 2163 815 2216 per
850 2145 1258 2213 impositionem
1295 2156 1490 2195 manus
1519 2147 1637 2209 ejus
1663 2140 1888 2193 daretur

322 2240 556 2309 Spiritus
583 2250 833 2293 sanctus.
865 2235 964 2290 Cui
1000 2235 1198 2290 Petrus
1227 2234 1364 2287 idem
1391 2249 1405 2285 :
1443 2250 1462 2283 ι
1501 2231 1766 2295 Pecunia,
1800 2230 1890 2282 in~

317 2335 458 2402 quit,
479 2343 567 2385 tua
599 2341 778 2386 tecum
811 2330 882 2384 sit
905 2331 960 2382 in
991 2327 1368 2398 perditionem,
1393 2325 1515 2395 quia
1540 2325 1744 2378 donum
1780 2321 1876 2375 Dei

317 2427 599 2480 aestimasti
633 2435 683 2479 te
735 2439 830 2492 per
861 2423 1128 2492 pecunias
1179 2420 1460 2490 possidere
1483 2419 1553 2472 ".
1597 2436 1616 2469 ι
1659 2414 1724 2468 Ει
1781 2414 1887 2468 alio

315 2517 558 2585 ejusdem
595 2516 714 2568 libri
751 2515 891 2577 loco,
939 2527 1063 2566 cum
1118 2512 1312 2566 Petrus
1345 2509 1628 2573 Cornelio,
1665 2517 1713 2561 et
1779 2506 1882 2570 eis,

313 2610 404 2676 qui
465 2624 589 2662 cum
631 2623 696 2661 eo
748 2606 988 2667 fuerant,
1028 2606 1369 2674 loqueretur,
1421 2602 1780 2665 annuntians,
1829 2605 1884 2650 et

313 2703 615 2772 praedicans
643 2700 946 2766 Christum,
983 2699 1059 2752 ait
1112 2697 1444 2765 Scriptura:
1487 2712 1505 2745 ι
1559 2694 1756 2748 Adhuc
1796 2692 1881 2746 lo-

309 2885 385 2946 ώς
449 2879 682 2950 ἀλλαχοῦ
740 2895 896 2947 φησι,
950 2895 969 2928 ι
1023 2876 1116 2946 Μὴ
1180 2876 1382 2936 πάντες
1441 2874 1772 2940 ἁπόστολοι;
1808 2875 1886 2943 μὴ

311 2978 510 3038 πάντες
562 2977 838 3044 προφῆται
867 2989 883 3039 ;
963 2991 982 3023 ι
1039 2971 1133 3024 καὶ
1186 2970 1253 3024 τὰ
1310 2969 1458 3038 ἑξῆς.
1503 2967 1771 3021 Ἐνταῦθα
1827 2967 1883 3021 δὲ

2003 503 2168 556 super
2203 503 2396 542 attines
2425 488 2516 558 qui
2553 487 2847 541 audiebant
2879 491 3128 554 verbum,
3177 501 3228 545 et
3267 492 3570 561 obstupue-

2003 588 2151 640 runt,
2173 578 2264 644 qui
2288 593 2356 632 cx
2384 579 2812 633 circumcisione
2846 579 3036 635 ﬁdeles
3065 582 3229 635 simul
3264 597 3387 635 eum
3409 585 3572 639 Petro

2001 680 2283 734 venerant,
2310 671 2436 738 quia
2462 674 2590 725 etin
2621 674 2872 725 nationes
2895 673 3096 726 donum
3122 672 3366 742 Spiritus
3391 679 3569 730 sancti

1999 760 2230 815 effusum
2266 771 2392 816 est:
2436 763 2730 816 audiebant
2778 764 2925 817 enim
2977 765 3101 818 illos
3137 766 3425 834 loquentes
3466 770 3570 821 Iiu~

1999 853 2142 919 guis.
2175 861 2228 906 et
2259 853 2672 916 magniﬁcahtes
2702 855 2866 906 Deum
2890 854 2956 908 ’⁸.
2999 875 3016 906 ι
3053 855 3126 909 De
3160 872 3270 924 quo
3306 858 3446 910 facto
3470 875 3572 912 suo

1999 945 2144 1011 quod
2183 943 2604 998 incircumcisos
2647 945 3044 1014 baptizaverat.
3081 951 3206 1017 quia
3249 951 3567 1019 priusquam

1997 1037 2432 1106 baptizarcntur,
2470 1049 2527 1092 ut
2556 1041 2758 1094 nodum
2817 1043 3142 1110 (ιιιειεεῑὶοιιὶε
3177 1045 3344 1113 hujus
3387 1047 3568 1101 aufer-

1998 1140 2103 1194 ret,
2131 1131 2182 1184 in
2229 1146 2324 1185 eos
2354 1142 2581 1185 venerat
2617 1131 2857 1201 Spiritus
2900 1145 3147 1199 Sanetus,
3191 1151 3314 1189 cum
3373 1139 3564 1193 Petrus

1999 1234 2185 1292 pustca
2217 1223 2473 1277 redderet
2500 1223 2764 1276 rationem
2792 1224 3074 1287 fratribus,
3113 1226 3204 1293 qui
3245 1236 3401 1281 erant
3439 1227 3566 1282 Ilie-

1995 1315 2311 1384 rosolytnis,
2357 1326 2408 1368 et
2453 1317 2552 1370 hac
2581 1333 2637 1370 rc
2671 1317 2856 1371 audita
2893 1319 3274 1384 movebantur,
3310 1320 3386 1372 ait
3444 1329 3567 1388 post

1995 1414 2188 1457 czetera
2231 1423 2244 1460 :
2290 1424 2308 1456 ι
2356 1406 2493 1460 llum
2536 1407 2824 1475 cmpissem
2869 1415 3048 1460 autem
3095 1408 3243 1477 loqui
3307 1410 3372 1462 ad
3420 1409 3566 1472 illos,

1993 1494 2191 1566 cecidit
2225 1494 2466 1563 Spiri:us
2520 1509 2741 1550 sanctus
2795 1496 2848 1550 in
2895 1496 3035 1559 illos,
3081 1497 3224 1550 sicut
3254 1508 3308 1549 et
3350 1499 3401 1549 in
3462 1513 3564 1552 nos

1994 1584 2048 1637 in
2081 1585 2255 1638 initio.
2290 1584 2733 1655 lllemuratnsque
2779 1603 2898 1640 sum
2954 1587 3100 1642 verbi
3152 1589 3391 1650 Domini,
3423 1590 3568 1645 sicut

1996 1676 2210 1730 d;ceh.it
2249 1694 2262 1730 :
2300 1676 2435 1742 Quia
2469 1676 2711 1731 Jo:innes
2767 1677 2986 1746 quidem
3049 1679 3346 1748 baptizavit
3398 1697 3560 1746 aqua,

1997 1783 2090 1821 vos
2126 1781 2305 1820 autem
2340 1769 2753 1836 baptizabimini
2793 1770 3000 1838 Spiritu
3031 1785 3248 1825 sancto.
3281 1772 3336 1826 Si
3399 1775 3567 1841 igitur

1993 1861 2204 1927 aequale
2234 1859 2439 1911 donum
2464 1860 2613 1912 dedit
2647 1861 2773 1924 illis,
2807 1862 2947 1912 sicut
2972 1870 3024 1912 et
3056 1861 3234 1928 nobis,
3271 1864 3363 1931 qui
3391 1865 3568 1916 credi-

1992 1951 2175 2004 dimus
2236 1951 2286 2004 in
2324 1951 2616 2004 Dominum
2661 1949 2857 2004 Jcsnm
2901 1951 3181 2006 Christum
3235 1969 3250 2009 :
3309 1969 3407 2023 ego
3443 1955 3567 2023 quis

1990 2057 2164 2104 eram,
2203 2040 2296 2110 qui
2329 2056 2544 2106 possem
2579 2041 2872 2110 prohibere
2922 2041 3088 2095 Deum
3147 2059 3254 2096 non
3291 2045 3423 2098 dare
3456 2047 3564 2099 illis

1993 2133 2262 2200 Spiritum
2299 2135 2642 2188 sanctum”.
2689 2153 2707 2186 ι
2751 2133 2815 2187 Et
2873 2136 3044 2188 multa
3088 2137 3194 2189 alia
3229 2149 3356 2192 sunt
3413 2140 3565 2192 testi-

1990 2230 2172 2281 monia
2207 2230 2647 2297 Scripturarum,
2684 2246 2806 2298 qua:
2837 2229 3183 2285 concorditer
3210 2241 3558 2298 attestantur,

1991 2323 2192 2374 donum
2237 2320 2329 2374 Dei
2373 2337 2495 2375 e~se
2547 2320 2812 2389 Spiritum
2862 2333 3134 2387 sanctum,
3188 2325 3240 2377 in
3291 2335 3560 2394 quantum

1989 2411 2150 2466 datur
2199 2416 2278 2466 eis
2317 2415 2408 2482 qui
2445 2429 2538 2481 per
2571 2430 2693 2466 etim
2726 2415 2954 2483 diligunt
3006 2414 3211 2482 Deum;
3247 2417 3339 2470 sed
3395 2421 3563 2470 nimis

1989 2506 2217 2574 longum
2255 2516 2338 2559 est
2369 2516 2566 2559 cuncta
2600 2507 2878 2573 colligere.
2914 2508 2976 2560 lit
3011 2509 3142 2577 quid
3172 2509 3253 2562 eis
3283 2510 3418 2562 satis
3453 2523 3560 2571 est,

1988 2598 2188 2666 quibus
2224 2598 2336 2653 haec
2385 2615 2504 2668 qua:
2540 2598 2798 2660 diximus,
2836 2599 2970 2653 satis
3023 2615 3132 2652 nou
3195 2601 3363 2654 sunt?
3415 2601 3560 2657 Sane

1988 2687 2317 2753 admonendi
2347 2695 2495 2753 sunt,
2535 2687 2981 2756 quandoquidem
3037 2689 3242 2744 donum
3286 2690 3379 2746 Dei
3435 2693 3549 2761 jam

1987 2889 2046 2940 'r‘i
2100 2887 2274 2955 ἅγιον.
2321 2905 2338 2938 ι
2383 2882 2568 2957 ᾯπερ
2600 2886 2628 2936 6
2673 2885 2835 2948 αὐτὸς
2873 2886 3096 2955 Πέτρο·,
3128 2906 3145 2936 ι
3184 2888 3258 2941 Τὸ
3290 2890 3557 2957 ἀργύριόν

1989 2994 2104 3039 σου,
2129 2980 2284 3047 φησὶ,
2321 2977 2416 3030 σὺν
2450 2977 2530 3029 σοὶ
2581 2975 2664 3046 εἴη
2702 2978 2782 3040 είς
2816 2977 3089 3029 ἀπώλειαν
3116 2995 3128 3007 ’
3159 2980 3240 3031 δτι
3279 2981 3338 3032 τ’)
3380 2981 3554 3051 δῶρον

311 3067 568 3136 συνῆψεν,
610 3087 626 3118 ε
661 3071 741 3128 εἰς
789 3066 1066 3117 τελείωσιν
1098 3064 1203 3115 τῶν
1250 3062 1545 3130 ἁγίωνιεῑς
1577 3061 1740 3130 ἔργον
1769 3061 1954 3139 δια-ο
1986 3071 2077 3123 τοῦ
2124 3069 2260 3124 Θεοῦ
2307 3070 2573 3134 ὑπέλαϐες
2619 3071 2920 3139 χρημάτων
2984 3071 3243 3132 κτᾶσθαι.
3285 3091 3303 3123 ι
3345 3075 3452 3128 Καὶ
3499 3077 3558 3126 ἐν

308 3163 513 3222 κονίας,
547 3160 625 3219 εὶς
672 3155 960 3223 οἰκοδομὴν
993 3152 1084 3207 τοῦ
1140 3153 1396 3220 σώματος
1427 3151 1522 3204 τοῦ
1558 3151 1821 3222 Χριστοῦ.
1855 3171 1874 3204 ›

307 3250 472 3312 υῦτός
530 3253 678 3301 ἐστιν
734 3251 761 3300 6
815 3246 984 3310 οἶκος,
1016 3250 1064 3311 ό,
1101 3247 1352 3316 καθάπερ
1383 3249 1411 3299 6
1460 3246 1676 3314 ψαλμδς
1738 3247 1877 3318 ᾅδει,

306 3342 756 3413 οἰκοδομούμενος
795 3340 931 3408 μετά
953 3340 1050 3406 τὴν
1080 3338 1485 3407 αἰχμαλωσίαν.
1521 3337 1630 3391 Καὶ
1657 3339 1767 3407 γὰρ
1815 3341 1878 3389 ἐκ

306 3436 414 3488 τῶν
471 3438 534 3487 ἐκ
589 3434 684 3486 τοῦ
737 3431 984 3486 διαϐόλου
1035 3417 1376 3499 ’ῥυσθέντωὴ
1414 3429 1544 3499 παρ’
1577 3428 1637 3482 οῦ
1690 3427 1878 3481 κατεί-

308 3543 465 3596 χοντο
522 3525 897 3592 αἰχμάλωτοι,
961 3522 1327 3590 οἰκοδομεῖται
1393 3522 1420 3572 6
1482 3518 1577 3572 τοῦ
1636 3517 1873 3587 Χριστοῦ

306 3615 474 3682 οἶκος,
508 3615 565 3677 ὃς
597 3612 746 3676 οἶκος
782 3614 1082 3684 Ἐκκλησία
1126 3611 1621 3681 προσαγορεύεται.
1657 3609 1878 3678 Ταύτην

305 3714 360 3768 δὲ
412 3713 510 3784 τὴν
558 3709 938 3780 αἰχμαλωσίαν
986 3707 1150 3769 αὐτὸς
1203 3703 1651 3776 ᾐχμαλώτευσεν,
1685 3705 1876 3773 ἐπειδὴ

305 3813 394 3860 τὸν
412 3806 656 3860 διάϐολον
685 3805 922 3870 ἐνίκησε,
961 3805 1056 3853 καὶ
1087 3801 1176 3853 ἶνα
1211 3800 1288 3867 μὴ
1335 3797 1402 3850 τὰ
1437 3797 1700 3868 μέλλοντα
1736 3799 1877 3868 μέλη

303 3901 400 3967 τῆς
461 3899 624 3965 ἁγίας
696 3895 940 3964 κεφαλῆς
1021 3890 1276 3954 ἔσεσθαι,
1329 3889 1411 3953 εἰς
1481 3891 1582 3959 τὴν
1656 3889 1877 3942 αἰώνιον

305 3992 526 4042 κόλασιν
579 3987 697 4057 μεθ’
749 3985 948 4038 ἑαυτοῦ
1011 3986 1408 4051 ἐπισπάσηται,
1464 3984 1728 4052 πρότερον
1777 3983 1876 4051 μὲν

301 4088 420 4144 ταίς
468 4082 566 4150 τῆς
616 4076 966 4145 δικαιοσύνης
1023 4076 1208 4139 αὑτὸν,
1249 4073 1441 4125 ἔπειτα
1491 4072 1547 4124 δὲ
1593 4073 1714 4134 ταῖς
1773 4072 1876 4139 τῆς

301 4177 583 4244 δυνάμεως
653 4171 841 4231 πέδαις
895 4168 1200 4236 συνέδησεν.
1259 4166 1432 4226 Αὐτὸς
1465 4166 1645 4216 τοίνυν
1692 4167 1719 4216 ὁ
1761 4163 1873 4215 δια-

303 4270 453 4328 ϐολος
496 4262 840 4332 αἰχμαλωσία
874 4257 1312 4329 προσηγορεύθη,
1353 4256 1412 4308 ὃν
1444 4256 1873 4326 ᾐχμαλώτευσεν

301 4361 329 4410 6
362 4357 567 4414 ἀναϐὰς
599 4353 678 4412 εἰς
709 4355 768 4401 τὸ
805 4349 936 4417 ὕψος
973 4349 1064 4399 καὶ
1093 4348 1213 4408 δοὺς
1249 4348 1456 4412 δόματα
1502 4346 1614 4403 τοῖς
1657 4344 1872 4414 ἀνθρώ-

303 4467 448 4511 ποις,
473 4449 505 4516 ἢ
534 4443 712 4498 λαϐὼν
742 4447 798 4494 ἐν
826 4446 1157 4509 ἀνθρώποις.
1180 4440 1385 4507 Πέτρος
1410 4439 1466 4490 δὲ
1494 4441 1520 4490 6
1547 4439 1870 4504 ἀπόστολος,

306 4540 495 4607 ὥσπερ
526 4539 582 4587 ἐν
615 4538 683 4603 τῇ
716 4534 1148 4600 κεκανονισμὲνῃ
1185 4530 1352 4600 βεϐλῳ
1404 4530 1873 4598 ἀναγινώσκομεν,

302 4630 431 4682 ἔνθα
472 4629 528 4679 αἰ
559 4627 668 4677 τών
712 4623 1023 4675 ἀποστόλιιιν
1070 4623 1301 4688 ιιραξεις
1330 4622 1712 4690 γεγραμμέναι
1743 4623 1874 4684 είσὶ,

303 4720 684 4786 διαλεγόμενος
734 4718 862 4782 περὶ
909 4714 1002 4764 τοῦ
1052 4711 1312 4782 Χριστοῦ,
1347 4715 1767 4778 καιανυγὲντων
1807 4715 1872 4782 τῇ

303 4813 502 4884 καρδίᾳ.
535 4813 644 4862 τών
689 4808 977 4868 Ἰουδαίων,
1007 4807 1098 4856 καὶ
1127 4804 1412 4870 λεγόντων,
1447 4821 1464 4853 ι
1505 4805 1569 4855 Τί
1592 4800 1683 4857 οὖν
1711 4806 1872 4873 ποιή-

301 4921 488 4970 σομεν,
527 4901 770 4968 ἀδελφοὶ,
803 4898 1011 4960 δείξατε
1043 4898 1210 4965 ἡμῖν;
1253 4913 1270 4946 ι
1321 4891 1444 4947 εἷπε
1488 4895 1623 4964 πρὸς
1652 4895 1869 4959 αὐτοὺς,

307 5016 326 5048 ι
371 4995 782 5062 Μετανοήσατε,
811 4992 902 5040 καὶ
939 4987 1294 5057 βαπτισθήτω
1321 4987 1552 5048 ἕκαστος
1583 4987 1738 5052 ὑμῶν
1777 4989 1870 5038 ἐπὶ

301 5089 377 5157 τῷ
407 5089 635 5155 ὀνόματι
683 5081 858 5147 Ἰησοῦ
910 5081 1148 5149 Χριστοῦ
1195 5080 1274 5139 εἰς
1318 5080 1514 5144 ἄφεσιν
1561 5078 1867 5147 ἁμαρτιῶν,

278 5183 396 5233 ’καὶ
423 5178 662 5248 λήψεσθε
692 5177 788 5245 τὴν
841 5175 1049 5243 δωρεὰν
1101 5171 1194 5224 τοῦ
1246 5172 1406 5239 ἁγίου
1459 5169 1794 5238 Πνεύματος.
1843 5188 1862 5220 ι

303 5271 406 5326 Καὶ
443 5272 595 5332 αὖθις
628 5271 685 5320 ἐν
727 5271 791 5337 τῇ
835 5267 974 5336 αὐτῇ
1022 5264 1188 5334 βίϐλῳ
1221 5263 1686 5332 ἀναγινώσκομεν,
1726 5280 1743 5312 ι
1783 5262 1868 5312 Σί-

301 5380 452 5432 μωνα
482 5363 574 5412 τὸν
610 5359 799 5426 Μάγον
833 5359 945 5419 τοῖς
992 5356 1311 5418 ἀποστόλοις
1343 5355 1528 5406 δοῦναι
1563 5354 1866 5423 θελήσαντα

299 5453 694 5525 χρήματα.ῖνα
735 5450 864 5520 παρ’
892 5449 1072 5502 αὐτῶν
1119 5445 1261 5517 λάϐῃ
1311 5446 1581 5512 ἐξουσίαν,
1629 5447 1754 5499 καθ’
1802 5450 1870 5516 ἣν

298 5550 364 5600 ἀν
387 5546 452 5599 δι’
483 5542 781 5604 ἐπιθέσεως
809 5541 917 5594 τῶν
945 5539 1143 5610 χειρῶν
1161 5537 1326 5591 αὐτοῦ
1348 5537 1540 5608 διδῴτο
1561 5539 1621 5590 τὸ
1648 5537 1870 5608 Πνεῦμα

369 5732 414 5760 ’θ
448 5735 564 5784 Act.
591 5746 652 5792 tt,
684 5731 775 5792 37,
809 5729 898 5786 58.
1003 5729 1045 5760 ’⁷
1083 5729 1202 5784 Act.
1238 5743 1352 5795 vni,
1412 5727 1500 5780 ει).

1610 5725 1651 5754 τε
1691 5723 1811 5778 Act.
1844 5740 1898 5791 κ,
1932 5722 2118 5778 Η-ἰϐ.

1986 3161 2157 3231 ἑτέρῳ
2181 3162 2236 3213 δὲ
2271 3161 2370 3229 τῆς
2400 3162 2567 3227 αὐτῆς
2600 3160 2782 3230 βίϐλου
2815 3161 3019 3231 χωρίῳ,
3054 3163 3213 3231 ἡνίκα
3247 3165 3448 3234 Πέτρος
3481 3167 3559 3236 τῷ

1986 3254 2269 3321 Κορνηλίῳ
2301 3255 2395 3306 καί
2425 3259 2536 3316 τοῖς
2589 3255 2685 3306 σὺν
2725 3253 2872 3321 αύτῷ
2906 3248 3024 3305 οὖσι
3059 3254 3328 3321 διελέγετο
3375 3259 3559 3323 ἀπαγ-

1982 3345 2188 3413 γέλλων
2223 3346 2316 3398 καὶ
2349 3345 2636 3414 κηρύττων
2662 3345 2752 3397 τὸν
2786 3346 3042 3412 Χριστὸν.
3076 3349 3242 3415 φησιν
3274 3349 3303 3416 ἡ
3340 3348 3555 3419 Γραφὴ,

1990 3454 2008 3486 ι
2042 3436 2162 3487 Ἔτι
2193 3435 2477 3496 λαλοῦντος
2509 3435 2603 3486 τοῦ
2640 3434 2842 3503 Πέτρου
2869 3434 2935 3484 τὰ
2967 3435 3189 3502 ῥήματα
3215 3435 3561 3499 ταῦτα,ὲπέ-

1983 3544 2119 3580 πεσε
2148 3527 2211 3579 τὸ
2259 3526 2480 3595 Πνεῦμα
2516 3525 2576 3578 τὸ
2613 3526 2764 3591 ἅγιον
2797 3523 2888 3575 ἐπὶ
2927 3525 3133 3588 πάντας
3165 3527 3293 3591 τοῦς
3328 3527 3556 3580 ἀκούον-

1980 3637 2080 3681 τας
2112 3619 2410 3685 τὸνλόγον,
2459 3615 2551 3669 καὶ
2601 3615 2981 3684 ἐξεπλάγησαν
3031 3616 3080 3667 οἰ
3135 3617 3199 3668 ἐκ
3250 3621 3558 3687 περιτομῆς

1981 3713 2184 3777 πιστοὶ,
2210 3712 2258 3763 οἰ
2289 3710 2385 3763 σὺν
2431 3709 2509 3778 τῷ
2561 3709 2754 3777 Πέτρῳ
2807 3707 3056 3769 ἐλθόντες
3078 3724 3094 3739 σ
3121 3708 3206 3760 ὅτι
3251 3711 3346 3763 καὶ
3375 3711 3454 3772 εἰς
3487 3713 3556 3765 τά

1979 3805 2107 3874 ἐϐνη
2161 3807 2192 3875 ή
2257 3803 2434 3874 δωρεά
2486 3800 2579 3854 τοῦ
2649 3801 2804 3867 ἁγίου
2868 3798 3179 3868 Πνεύματος
3235 3801 3551 3870 ἐκκέχυται.

1983 3903 2216 3952 Ἤκουον
2248 3900 2355 3967 γάρ
2386 3897 2565 3950 αὐτῶν
2597 3894 2902 3948 λαλούντων
2929 3894 3220 3961 γλώσσαις,
3248 3897 3344 3948 καὶ
3381 3911 3552 3964 μεγα.

1979 3994 2243 4047 λυνόντων
2274 3992 2364 4045 τὸν
2398 3991 2531 4042 Θεόν
2555 4005 2568 4018 ο
2609 4009 2627 4040 ι
2671 3990 2796 4056 περὶ
2844 3983 2911 4062 ἦς
2963 3988 3128 4042 αὑτοῦ
3163 3989 3436 4058 πράξεως,
3471 3991 3554 4041 ὅτι

1975 4088 2103 4149 τοὺς
2135 4085 2545 4153 ἀπεριτμήτους
2573 4082 2858 4140 ὲίῖὰπτισε,
2888 4082 3019 4150 πρὶν
3050 4081 3212 4150 γάρῆ
3246 4080 3552 4150 βαπτισθῆ-

1976 4176 2180 4241 ναι,ώς
2212 4176 2312 4241 τὴν
2342 4176 2577 4242 ἀπορίαν
2605 4172 2754 4224 τοῦδε
2798 4171 2890 4223 τοῦ
2920 4171 3232 4240 ζητήματος
3260 4171 3547 4240 ἀφέληται,

1977 4268 2038 4321 τὸ
2071 4265 2296 4334 Πνεῦμα
2331 4265 2392 4316 τὸ
2431 4265 2586 4330 ἀγιον
2619 4258 2779 4328 ἦλθεν
2811 4261 2896 4312 ἐπ’
2928 4262 3146 4322 αὐτοὺς,
3191 4259 3349 4325 λόγον
3409 4262 3546 4327 μετὰ

1980 4357 2151 4411 ταῦτα
2175 4357 2204 4408 6
2237 4356 2439 4422 Πέτρος
2489 4352 2772 4413 ἀποδιδοὺς
2818 4351 2931 4410 τοῖς
2967 4345 3119 4401 οὖσιν
3150 4351 3207 4400 ἐν
3247 4348 3549 4414 Ἰεροσολύ-

1983 4466 2103 4518 μοις
2152 4446 2423 4514 ἀδελφοῖς,
2457 4449 2547 4495 καὶ
2579 4441 2729 4493 τοῦδε
2763 4439 2858 4493 τοῦ
2893 4440 3221 4510 πράγματος
3254 4439 3548 4491 ἀκουσθέν-

1975 4557 2065 4601 τος
2090 4535 2516 4606 ταραττομένοις
2535 4529 2655 4584 εἷπε
2684 4530 2802 4600 μεθ’
2839 4530 3026 4600 ἔτερα.
3065 4548 3084 4580 ι
3117 4519 3453 4598 Ἀρξαμένου
3487 4530 3545 4581 δέ

1979 4648 2081 4699 μου
2108 4629 2290 4680 λαλεῖν
2319 4629 2452 4694 προς
2481 4624 2704 4685 αὐτοὺς,
2731 4621 2964 4684 ἐπέπεσε
2982 4620 3042 4672 τὸ
3064 4620 3288 4689 Πνεῦμα
3309 4619 3367 4672 τὸ
3394 4623 3548 4687 ἅγιον

1973 4723 2060 4774 ἐπ’
2083 4719 2301 4782 αὐτοὺς,
2337 4716 2528 4786 ὥσπερ
2558 4715 2652 4766 καὶ
2681 4711 2767 4782 ἐφ’
2798 4714 2946 4782 ἡμᾶς
2978 4714 3034 4762 ἐν
3065 4712 3226 4780 ἀρχῇ,
3257 4711 3348 4762 καὶ
3380 4711 3546 4779 ἐμνή-

1975 4813 2109 4877 σθην
2138 4809 2229 4862 τοῦ
2253 4809 2412 4874 λόγου
2443 4804 2667 4873 Κυρίου,
2694 4802 2770 4864 ὡς
2797 4802 3001 4868 ἔλεγεν.
3027 4801 3106 4853 δτι
3131 4801 3409 4865 Ἰωάννης
3428 4800 3548 4867 μέν

1971 4903 2291 4957 ἐϐάπτισεν
2323 4900 2394 4953 ἐν
2428 4898 2623 4958 ὕδατι,
2655 4895 2822 4964 ὑμεῖς
2850 4893 2919 4946 δὲ
2934 4894 3438 4960 βαπτισθήσεσθε
3475 4893 3546 4944 ἐν

1973 4995 2269 5062 Πνεύματι
2302 4991 2468 5061 ἁγίῳ.
2495 4990 2556 5042 Εἰ
2588 4989 2765 5049 τοίνυν
2803 4989 2921 5054 ἰσην
2950 4985 3158 5054 δωρεὰν
3189 4984 3419 5036 δέδωκεν
3450 4984 3544 5032 αύ-
3570 4978 3577 4985 ’

1970 5088 2107 5147 τοῖς,
2134 5083 2319 5152 ὥσπερ
2344 5081 2437 5132 καὶ
2464 5081 2596 5146 ἡμῖν
2619 5079 2728 5138 τοῖς
2751 5074 3097 5127 πιστεύουσιν
3122 5077 3200 5134 εἰς
3224 5074 3310 5124 τὸν
3342 5071 3544 5140 Κύριον

1970 5173 2182 5243 Ἰησοῦν
2211 5172 2469 5241 Χριστὸν,
2501 5167 2585 5230 τίς
2639 5163 2707 5237 ἦν
2759 5164 2870 5232 ἐγὼ
2912 5167 2939 5217 ὁ
2967 5163 3264 5232 δυνάμενος
3301 5161 3546 5213 κωλῦσαι

1969 5269 2061 5318 τὸν
2088 5265 2219 5317 Θεὸν
2266 5263 2340 5332 μὴ
2375 5261 2559 5314 δοῦναι
2611 5259 2794 5317 αὐτοῖς
2833 5249 2900 5307 τδ
2928 5253 3152 5322 Πνεῦμα
3185 5254 3242 5304 τὸ
3285 5252 3482 5316 ἆγιον;
3520 5269 3538 5300 ι

1977 5359 2087 5410 Καὶ
2117 5353 2307 5406 πολλαί
2341 5356 2478 5404 εἰσιν
2510 5351 2697 5418 ἕτεραι
2727 5346 2834 5398 τών
2863 5343 3099 5411 Γραφῶν
3139 5341 3460 5410 μαρτυρίαι,
3487 5339 3546 5393 αἶ

1982 5447 2289 5519 συμφώνως
2325 5441 2664 5514 μαρτυροῦσι
2696 5441 2869 5508 δῶρον
2899 5435 3032 5488 Θεοῦ
3065 5429 3204 5486 εἶναι
3231 5431 3292 5483 τὸ
3325 5430 3544 5499 Πνεῦμα

1983 5543 2043 5594 τό
2074 5541 2232 5616 ἀγρίω-
2252 5537 2391 5617 ⁸παρ’
2415 5537 2540 5590 ὅσον
2574 5535 2774 5586 δίδοται
2830 5531 2940 5592 τοῖς
2987 5528 3055 5582 δι’
3086 5523 3250 5579 αὑτοῦ
3290 5524 3383 5575 τὸν
3415 5523 3545 5574 Θεὸν

2220 5722 2265 5750 "
2295 5721 2413 5773 Act.
2443 5731 2516 5782 τι,
2555 5711 2739 5766 l’j-l7.
