3992 6210
250 394 383 459 ινιι

1178 398 1278 458 DE
1322 397 1847 459 Puocessmve
1880 384 2246 463 SPlRlTUS
2280 402 2577 463 SANCTI.

3376 402 3515 467 lli?

246 509 453 577 Spiritu
512 506 701 563 saneto
740 506 807 563 de
864 510 969 564 hoc
1013 508 1222 579 judicio
1269 511 1507 565 mundus
1551 510 1819 579 arguitur,
1855 514 1897 569 Α
1935 512 2074 569 mori
2113 530 2211 583 pro
2232 516 2451 572 Christo
2478 517 2715 572 nondum
2737 525 2901 572 erant
2921 516 3106 573 idonei
3138 527 3267 574 tunc
3286 527 3509 589 aposto-

244 598 471 661 quaudo
501 598 555 652 in
584 597 793 668 Spiritu
824 610 1018 653 sancto
1052 600 1167 654 bam
1194 599 1437 669 loquitur
1493 601 1830 668 Apostolus?

246 689 487 743 Credant
513 688 697 759 itaque
734 691 987 745 homines
1015 692 1070 745 in
1101 691 1406 753 Christum,
1434 707 1501 747 ne
1531 700 1833 760 arguantur

246 781 316 835 de
342 789 567 850 peccato
593 768 932 837 inﬁdelitatis
954 798 1086 846 sum,
1109 797 1218 853 quo
1237 792 1459 853 peccata
1478 784 1661 837 omnia
1691 781 1832 837 deti-

249 871 793 928 nentur.Transeant
816 873 870 926 in
894 873 1468 941 numerumlidelium,
1496 889 1564 928 ne
1590 888 1831 945 arguan-

247 977 337 1020 tur
366 966 433 1021 de
458 965 667 1036 iustitia
696 980 890 1020 eorum
921 982 1059 1035 quos
1087 966 1418 1036 justiﬁeatos
1456 982 1564 1025 non
1604 966 1828 1021 imitan-

252 1068 340 1110 tur
360 1073 375 1124 ;
399 1064 627 1111 caveant
646 1057 890 1111 futurum
908 1058 1175 1127 judicium
1202 1076 1216 1113 :
1245 1073 1313 1112 ne
1333 1075 1455 1113 cum
1474 1060 1657 1112 mundi
1682 1061 1835 1128 prin-

250 1150 373 1218 cipe
398 1149 926 1218 judi‘eentur.quem
955 1151 1262 1220 jmlicatum
1292 1151 1829 1206 imitantttrzetenim

253 1256 320 1295 ne
351 1241 453 1295 sibi
488 1241 765 1296 existimet
813 1242 961 1311 parci
1020 1242 1435 1312 superbiadura
1492 1243 1831 1307 mortalium,

249 1334 318 1384 de
348 1332 711 1400 superborum
752 1332 1024 1402 supplicio
1061 1333 1315 1389 terrenda
1341 1343 1425 1388 est
1458 1334 1795 1404 angelorum.

254 1446 327 1500 Ex
357 1446 616 1500 Tractatu
655 1444 839 1510 XCVI,
862 1461 1027 1516 super
1056 1446 1163 1500 illis
1195 1447 1377 1502 verbis
1408 1464 1424 1503 :
1454 1447 1637 1502 Adhuc
1668 1447 1836 1503 mutu:

323 1516 489 1571 habeo
518 1516 661 1571 vobis
687 1516 878 1580 dicere,
912 1516 1002 1571 sed
1035 1533 1139 1571 non
1157 1519 1371 1585 potestis
1420 1528 1634 1584 portare
1656 1518 1833 1575 modo.

805 1608 869 1663 Et
894 1620 1016 1679 post
1045 1625 1214 1679 pauca
1248 1626 1262 1664 :

326 1700 459 1769 Quae
492 1700 596 1755 ista
624 1701 759 1767 sint,
808 1714 931 1769 qua:
979 1700 1215 1770 apostoli
1270 1708 1397 1754 tunc
1455 1713 1675 1770 portare
1724 1715 1833 1756 nou

256 1801 531 1861 poterant,
558 1792 727 1846 vultis
754 1790 985 1846 forsitan
1014 1792 1176 1847 scire.
1237 1790 1345 1846 Sed
1402 1792 1527 1862 quis
1586 1803 1831 1847 nostrum

1935 608 1992 673 li,
2018 610 2221 674 quibus
2248 610 2481 676 dicebat,
2512 628 2530 661 ι
2572 609 2690 665 Non
2713 610 2942 680 potestis
2961 626 3047 665 me
3079 611 3442 680 sequi-modo.
3486 630 3504 663 ι

1937 701 2092 755 llnile
2121 703 2331 771 primus
2359 718 2550 757 eorum
2596 703 2808 768 Petrus,
2842 703 2938 773 qui
2981 703 3096 773 jam
3137 703 3238 759 hoc
3267 719 3324 758 se
3350 720 3511 772 posse

1935 802 2380 859 prmsrrntpserat,
2429 792 2574 845 aliud
2600 803 2859 860 expertus
2894 801 3000 860 est,
3035 809 3201 863 quam
3233 794 3458 863 putabat
3495 810 3510 848 :

1934 890 1989 937 et
2020 891 2201 938 tamen
2230 893 2439 951 postea,
2472 893 2527 938 et
2554 884 2654 939 viri
2681 894 2731 940 et
2763 885 3042 952 nmlieres,
3097 885 3250 954 pueri
3283 894 3335 940 et
3360 888 3509 955 puel-

1937 970 2021 1037 lae,
2055 971 2285 1040 juvenes
2314 982 2369 1027 et
2422 973 2690 1042 virgines,
2749 975 2998 1031 seniores
3030 990 3153 1031 eum
3198 977 3514 1045 junioribus

1939 1061 2370 1119 innumerabiles
2402 1066 2671 1137 martyrio
2688 1067 2930 1121 coronati
2959 1074 3111 1135 sunt,
3142 1075 3196 1123 et
3228 1083 3390 1138 posse
3427 1069 3515 1123 in-

1936 1163 2113 1209 ventae
2144 1164 2274 1210 sunt
2329 1164 2551 1227 portare
2587 1171 2715 1213 oms
2778 1156 2922 1228 quod
2971 1167 3122 1227 tunc,
3157 1160 3375 1229 quando
3411 1160 3512 1214 ista

1937 1245 2203 1300 Dominus
2236 1246 2583 1317 loquebatur,
2617 1249 2858 1303 nondum
2894 1258 3145 1319 poterant
3162 1260 3380 1322 portare
3421 1267 3515 1320 pa-

1938 1346 2141 1394 stores.
2158 1339 2418 1409 Nunquid
2446 1355 2576 1411 ergo
2599 1339 2787 1395 debuit
2808 1341 2916 1398 illis
2939 1343 3193 1400 omnibus
3214 1344 3320 1399 dici
3344 1344 3397 1398 in
3428 1344 3517 1399 illo

1940 1432 2257 1487 teutationis
2290 1433 2546 1500 articulo,
2581 1448 2690 1503 quo
2716 1444 2927 1490 certare
2959 1450 3135 1506 usque
3166 1435 3232 1490 ad
3288 1445 3513 1490 mortem

1939 1539 2040 1595 pro
2075 1524 2301 1579 veritate
2328 1526 2635 1594 oportebat,
2680 1536 2732 1582 et
2757 1542 2856 1597 pro
2885 1525 3091 1583 Christi
3151 1526 3395 1593 nomine,
3433 1527 3516 1583 vel

1937 1617 2185 1672 doctrina
2218 1618 2541 1684 sanguinem
2599 1618 2873 1685 fundere;
2929 1620 3202 1690 nunquid,
3272 1621 3517 1688 inquam,

1938 1708 2127 1763 debuit
2159 1708 2238 1763 eis
2274 1708 2441 1764 dici:
2492 1709 2630 1774 Quis
2692 1720 2934 1765 vestrum
2998 1709 3200 1763 audeat
3258 1708 3516 1763 idoneum

1938 1801 2203 1871 martyrio
2242 1813 2302 1855 se
2331 1801 2568 1870 putare?
2608 1800 2697 1856 cui
2734 1800 2929 1857 Petrus
2991 1801 3224 1856 idoneus
3278 1801 3518 1857 nondum

254 1886 456 1941 audeat
483 1900 671 1941 eorum
696 1899 753 1940 se
782 1884 965 1939 dicere
984 1885 1094 1954 jam
1118 1892 1396 1954 capacem,
1422 1900 1540 1954 qua:
1571 1885 1646 1939 illi
1673 1899 1837 1954 cape-
1866 1865 1914 1926 Β
1946 1865 2140 1955 trierat,
2172 1865 2392 1962 quando
2418 1907 2544 1948 eum
2574 1906 2638 1947 os
2671 1892 2737 1948 ad
2769 1908 2833 1947 os
2857 1893 2972 1962 ipse
2990 1893 3257 1948 Dominus
3284 1893 3525 1946 inst-rum.

256 1995 315 2035 re
341 1995 449 2035 non
479 1978 778 2035 valebant?
808 1980 884 2031 Ac
918 1993 1015 2048 per
1066 1977 1171 2034 hoc
1202 1994 1303 2035 nec
1328 1995 1357 2033 a
1388 1995 1473 2035 me
1519 1989 1838 2050 exspectan-

258 2072 327 2124 da
358 2080 506 2139 sunt,
540 2079 597 2125 ut
632 2070 906 2138 dicantur,
975 2085 1099 2139 qua:
1130 2068 1269 2127 forte
1333 2087 1441 2127 non
1488 2087 1741 2142 caperem
1792 2074 1839 2129 si

255 2166 325 2217 ab
357 2164 491 2219 ‘alio
546 2165 912 2220 dicerentur:
955 2178 1056 2219 nec
1116 2179 1211 2220 vos
1266 2180 1327 2220 ea
1382 2175 1602 2236 portare
1653 2180 1842 2237 posse-

256 2258 345 2321 tis,
377 2258 594 2313 etiamsi
622 2274 721 2329 ego
775 2267 963 2314 tantus
1013 2274 1216 2323 essem,
1271 2269 1391 2313 uta
1426 2274 1510 2313 me
1560 2260 1685 2328 ista,
1720 2275 1842 2330 qua:

257 2349 411 2403 vobis
436 2350 627 2404 altiora
660 2359 810 2411 sunt,
846 2349 1132 2405 audiretis.
1157 2350 1222 2405 Et
1252 2350 1365 2404 fieri
1389 2350 1605 2419 quidem
1642 2361 1854 2421 potest,

257 2452 314 2496 ut
349 2443 459 2497 sint
490 2444 545 2497 in
581 2445 736 2499 vobis
772 2444 938 2514 aliqui
968 2444 1035 2497 ad
1092 2458 1155 2500 ea
1190 2443 1593 2516 capiendajam
1633 2446 1838 2513 idonei,

254 2550 377 2609 quae
400 2534 489 2589 alii
518 2549 714 2605 capere
746 2534 987 2589 nondum
1019 2536 1225 2601 valent,
1258 2543 1315 2591 et
1368 2536 1415 2592 si
1472 2551 1582 2591 non
1636 2538 1843 2605 omnia,

255 2627 323 2679 de
351 2626 551 2694 quibus
581 2627 842 2697 magister
869 2628 960 2684 ille
982 2629 1127 2685 Deus
1158 2628 1397 2697 dicebat,
1426 2646 1445 2681 ι
1484 2629 1676 2685 Adhuc
1709 2629 1847 2685 mul-

258 2729 310 2771 ta
338 2718 513 2773 habeo
546 2718 701 2774 vobis
728 2720 932 2787 dicere,
960 2737 979 2772 ι
1015 2729 1197 2776 tamen
1223 2735 1412 2777 eorum
1448 2719 1682 2777 fortasse
1709 2736 1839 2776 non-

255 2814 405 2869 nulla
432 2829 448 2880 ;
479 2813 571 2868 sed
626 2828 877 2883 quaenam
911 2814 1025 2870 sint
1079 2814 1208 2884 ista,
1254 2829 1377 2885 qua:
1403 2815 1519 2885 ipse
1543 2831 1651 2871 non
1684 2816 1842 2882 dixit,

260 2904 623 2963 temerarium
654 2913 738 2960 est
760 2903 900 2961 velle
926 2920 1267 2977 prasumere
1312 2912 1367 2962 et
1394 2904 1601 2962 dicere.
1631 2902 1766 2962 Nam
1790 2918 1847 2964 et

258 3085 386 3147 καθ’
408 3087 476 3160 ἥν
508 3089 535 3143 6
568 3088 758 3159 ἄρχων
780 3086 875 3142 τοῦ
906 3089 1114 3159 κόσμου
1162 3087 1354 3142 τούτου
1388 3086 1666 3159 κέκριται,
1695 3086 1846 3157 ἐλέγ-

258 3200 343 3252 χει
368 3181 461 3235 τὸν
494 3182 704 3251 κόσμον
744 3182 807 3234 τὸ
858 3181 1085 3250 Πνεῦμα
1117 3179 1178 3234 τὸ
1225 3179 1405 3247 ἅγιον,
1441 3180 1526 3235 ὅτι
1574 3180 1715 3249 μετὰ
1746 3179 1840 3237 τοῦ
1867 3205 1917 3270 c

261 3272 398 3327 ίδίου
427 3272 711 3344 ἄρχοντος,
741 3273 802 3327 δν
829 3273 1185 3344 ὑπερήφανον
1227 3272 1360 3326 ὄντα
1394 3275 1488 3326 καὶ
1538 3272 1713 3344 ἀσεϐῆ
1748 3274 1843 3340 ζη-

258 3365 364 3427 λοῖ,
395 3366 662 3435 κρίνεται.
706 3366 769 3419 Ei
791 3366 901 3437 γὰρ
930 3383 949 3417 ι
988 3366 1017 3418 6
1047 3364 1203 3431 Θεὸς,
1236 3364 1421 3428 καθώς
1448 3380 1614 3437 φησιν
1646 3367 1675 3419 6
1708 3364 1844 3421 ἁπό-

265 3456 451 3519 στολος
501 3457 732 3528 Πέτρος,
761 3458 1015 3527 ἀγγέλων
1063 3456 1512 3529 ἁμαρτησάντων
1556 3457 1657 3511 οὑκ
1701 3456 1844 3525 ἐφεί-

266 3566 421 3615 σατο,
448 3549 562 3603 ἀλλ’
590 3551 838 3619 εἱρκταῖς
868 3548 1065 3620 ζόφου¹
1081 3548 1208 3621 ᾅδου
1248 3549 1613 3618 ταρταρώσας
1669 3548 1844 3618 παρέ-

262 3642 437 3696 δωκεν
466 3642 545 3705 είς
580 3643 763 3713 κρίσιν
786 3642 1179 3713 τηρουμένους,
1212 3660 1230 3694 ι
1263 3641 1382 3705 πῶς
1407 3642 1505 3713 οὐχ
1530 3641 1638 3721 ὑπὸ
1672 3640 1845 3693 Ilvati-

268 3750 444 3802 ματος
474 3732 567 3788 τοῦ
601 3734 761 3803 ἁγίου
794 3736 923 3805 περὶ
950 3733 1159 3805 ταύτης
1181 3733 1282 3802 τῆς
1315 3732 1553 3805 κρίσεως
1582 3734 1611 3787 6
1641 3733 1845 3802 κόσμος

265 3826 574 3897 ἐλέγχεται,
601 3827 659 3879 ἐν
693 3825 834 3897 ἁγίῳ
866 3825 1147 3897 Πνεύματι
1182 3825 1280 3879 τοῦ
1306 3826 1640 3879 Ἀποστόλου
1672 3824 1846 3880 ταῦτα

267 3918 640 3988 ).αλήσαντος;
699 3918 1116 3974 Πιστευέτωσαν
1171 3914 1269 3971 οῦν
1325 3918 1375 3970 οί
1424 3917 1702 3989 ἄνθρωποι
1771 3918 1864 3989 τῷ.

265 4010 510 4082 Χριστῷ,
542 4010 630 4064 ἵνα
671 4008 748 4080 μὴ
767 4013 775 4020 ’
797 4008 997 4071 αὐτοὺς
1033 4008 1230 4087 ἐλέγξῃ
1258 4008 1319 4061 τὸ
1346 4009 1572 4077 Πνεῦμα
1598 4009 1660 4061 τὸ
1690 4008 1847 4078 ἁγιον

266 4100 519 4173 περὶτοῦ
561 4103 660 4173 τῆς
712 4101 892 4157 αὐτῶν
937 4099 1204 4164 ἀπιστίας
1264 4100 1683 4171 ἁμαρτήματος,
1712 4102 1769 4153 ἐν

265 4195 635 4269 ἁμαρτήματι
672 4195 855 4249 πάντα
885 4192 955 4248 τὰ
989 4194 1128 4248 ἄλλα
1174 4192 1569 4263 κεκράτηνται.
1617 4194 1848 4262 Συναρι-

269 4289 657 4360 θμηθείτωσαν
688 4291 803 4351 τοῖς
853 4287 1094 4353 πιστοῖς,
1125 4286 1215 4339 ἴνα
1265 4284 1339 4357 μὴ
1382 4284 1714 4355 ἐλεγχθῶσιν
1745 4287 1849 4339 ὑπὸ

266 4385 368 4452 τῆς
418 4383 648 4436 ἐκείνων
693 4380 1067 4449 δικαιοσύνης,
1100 4377 1193 4441 οὒς
1240 4377 1634 4440 δικαιωθέντας
1663 4379 1724 4431 οὐ
1760 4396 1850 4448 μι-

274 4473 504 4544 μοῦνται
524 4490 537 4504 ·
574 4470 1037 4540 φυλαττέσθωσαν
1062 4469 1164 4541 τὴν
1190 4469 1495 4538 μέλλουσαν
1522 4468 1727 4539 κρίσιν,
1762 4471 1847 4523 ἵνα

1943 1984 2202 2041 bat?Sic
2232 1984 2416 2054 itaque
2466 1985 2667 2039 dixerit
2721 1984 2945 2055 aliquis,
2980 1999 3089 2039 non
3159 1984 3358 2039 debere
3413 1983 3519 2036 diti

1942 2076 2156 2147 populis
2189 2075 2521 2132 Christianis
2547 2076 2741 2131 audire
2766 2077 3135 2147 cupientibus,
3168 2092 3291 2148 quae
3312 2076 3422 2129 sint
3456 2077 3523 2129 de.

1946 2169 2145 2239 quibus
2183 2168 2445 2224 Dominus
2485 2176 2616 2223 tunc
2646 2168 2865 2224 dicebat
2896 2185 2910 2222 :
2953 2169 3200 2223 eAdlmc
3226 2169 3393 2223 multa
3429 2169 3522 2222 lia-

1943 2261 2047 2317 boo
2079 2259 2237 2313 vobis
2269 2259 2481 2321 dicere.
2510 2258 2604 2314 sed
2645 2275 2752 2315 non
2784 2259 3010 2328 potestis
3041 2268 3260 2329 portare
3285 2260 3444 2314 modo
3469 2277 3526 2315 ιι

1946 2351 2002 2407 Si
2030 2351 2263 2427 apostoli
2330 2352 2573 2407 nondum
2627 2362 2903 2423 poterant,
2953 2354 3125 2409 multo
3194 2353 3379 2409 minus
3428 2368 3525 2406 vos

1946 2444 2200 2516 potestis,
2238 2444 2365 2515 quia
2391 2445 2530 2500 forte
2566 2445 2647 2501 sic
2677 2447 2831 2501 multi
2866 2457 3095 2518 possunt
3132 2446 3346 2511 auditae,
3378 2447 3539 2516 quod

1947 2547 2076 2595 tunc
2097 2537 2339 2592 nondum
2366 2547 2586 2607 poterat
2628 2541 2850 2603 Petrus,
2898 2539 3041 2595 sicut
3108 2539 3261 2593 multi
3295 2551 3527 2608 possunt

1948 2630 2214 2702 martyrio
2281 2630 2560 2695 coronari,
2621 2629 2767 2701 quod
2821 2642 2952 2686 tunc
3007 2631 3246 2686 nondum
3313 2639 3525 2701 poterat

1948 2719 2143 2777 Petrus
2178 2738 2191 2775 :
2226 2720 2532 2790 praesertim
2567 2721 2678 2791 jam
2715 2721 2886 2776 misso
2919 2720 3127 2792 Spiritu
3164 2730 3383 2786 sant-to,
3431 2722 3522 2790 qui

1949 2813 2347 2867 tuacnondum
2377 2819 2500 2877 erat
2524 2812 2747 2879 missus,
2785 2812 2854 2867 de
2874 2827 2985 2882 quo
3006 2813 3270 2869 continuo
3295 2813 3527 2880 subjun-

1949 2904 2060 2974 git,
2081 2914 2248 2977 atque
2272 2904 2397 2962 ait:
2442 2902 2608 2960 «Cum
2667 2914 2849 2961 autem
2906 2905 3117 2961 venerit
3146 2904 3241 2960 ille
3286 2904 3535 2975 Spiritus

1952 3085 2089 3149 ζειν,
2125 3086 2173 3139 si
2202 3084 2360 3155 κάγὼ
2389 3084 2645 3149 τοσοῦτος
2675 3078 2767 3157 ἦν.
2795 3084 2844 3140 εί
2874 3086 3005 3157 παρ’
3035 3083 3272 3156 ἐμοῦλτὰ
3294 3084 3393 3155 τὴν
3414 3083 3530 3137 διά-

1953 3197 2104 3233 νοιαν
2135 3178 2538 3249 ὑπερϐαίνοντα
2565 3177 2665 3245 τὴν
2694 3177 2968 3249 ὑμετέραν
2998 3178 3253 3248 ἠκούετε.
3289 3176 3531 3230 Δυνατὶν.

1951 3270 2049 3341 μέν
2080 3265 2174 3323 οῦν
2202 3270 2259 3323 ἐν
2288 3269 2420 3340 ὑμῖν
2454 3263 2596 3322 εἷναί
2623 3286 2778 3333 τινας
2811 3270 3030 3333 ἱκανοὺς
3064 3270 3265 3339 μᾶλλον
3290 3269 3399 3321 τῶν
3431 3267 3530 3321 ἁ).-

1946 3364 2055 3417 λων
2085 3361 2223 3433 πρὸς
2258 3362 2552 3434 ὑποδοχὴν,
2578 3363 2627 3416 εί
2652 3362 2747 3415 καὶ
2775 3362 2849 3433 μὴ
2881 3363 3101 3417 πάντων
3123 3364 3376 3425 ἐκείνων,
3402 3362 3531 3424 περὶ

1948 3449 2021 3506 ῶν
2052 3453 2237 3521 ἔλεγεν
2266 3455 2294 3507 6
2328 3452 2649 3518 διδάσκαλος
2675 3453 2771 3506 καὶ
2802 3453 2957 3518 Θεὸς,
2986 3471 3013 3507 ι
3056 3455 3179 3507 "Et:
3212 3454 3384 3508 πολλὰ
3423 3453 3532 3522 ἔχω

1944 3542 2306 3615 λέγεινὺμῖν,
2357 3562 2376 3597 ι
2412 3544 2565 3616 ὅμως
2597 3543 2763 3598 τινῶν
2820 3543 2905 3609 ἐξ
2931 3544 3181 3598 ἐκείνων.
3212 3545 3375 3598 ’Δλλὰ
3410 3546 3531 3599 τίνοι

1948 3637 2015 3692 ἃν
2044 3633 2156 3691 εἷεν
2192 3639 2375 3692 ἐκεῖνα
2406 3636 2535 3708 περὶ
2564 3629 2640 3691 ῶν
2671 3639 2877 3702 ἐκεῖνος
2906 3637 3007 3691 οὑκ
3037 3637 3265 3708 ἔφησεν,
3295 3637 3530 3701 αῦθαδες

1947 3730 2154 3802 culpata
2208 3730 2390 3799 λέγειν
2442 3731 2763 3803 ἐπιχειρεῖν.
2819 3731 2930 3789 Καὶ
2982 3730 3091 3801 γὰρ
3126 3730 3392 3802 καὶπρὸς
3434 3732 3529 3785 τὸν

1950 3824 2091 3893 ὑπὲρ
2130 3823 2371 3893 Χριστοῦ
2428 3821 2664 3878 θάνατον
2716 3821 2904 3877 οῦποτ*
2944 3818 3087 3895 ἦσαν
3134 3824 3186 3878 oi
3240 3824 3536 3881 ἀπόστολοι

1953 3915 2149 3981 ἱκανοὶ,
2203 3910 2283 3978 οἷς
2334 3914 2542 3984 ἔλεγεν,
2578 3933 2597 3968 ι
2643 3915 2718 3970 Ού
2769 3915 2999 3971 δύνασθέ
3051 3933 3144 3985 μοι
3178 3915 3271 3971 νῦν
3306 3915 3533 3971 ἀκολουρ

1952 4008 2132 4075 θῆσαι.
2175 4027 2191 4059 ι
2231 4006 2339 4061 Καὶ
2368 4009 2395 4061 ὃ
2426 4025 2489 4077 γε
2521 4008 2741 4079 πρῶτος
2770 4007 2951 4062 αὐτῶν
2979 4008 3210 4080 Πέτρος,
3240 4009 3300 4074 ὃς
3332 4009 3532 4071 ίκανῶς

1950 4096 2088 4175 ᾣξετο
2127 4098 2264 4169 1:96;
2292 4098 2450 4151 τοῦτο
2480 4098 2952 4170 παρεσκευάσθαι,
2980 4098 3174 4170 ἐτέρου
3198 4098 3531 4170 πεπείραται

1952 4192 2099 4261 ἅπερ
2126 4191 2282 4261 ᾤετο.
2326 4190 2469 4245 Ἀλλ’
2499 4193 2649 4262 ὅμως
2682 4191 2913 4262 ὕστερον
2940 4191 3037 4244 καὶ
3066 4190 3282 4262 ἄνδρες,
3311 4191 3405 4244 καὶ
3434 4207 3535 4259 γυ·-

1952 4286 2163 4347 ναῖκες,
2195 4286 2289 4336 καὶ
2327 4284 2541 4350 παῖδες,
2578 4284 2673 4337 καὶ
2698 4283 2981 4354 μείρακες,
3006 4285 3099 4335 καὶ
3125 4282 3407 4353 παρθένοι,
3439 4285 3534 4335 καὶ

1953 4377 2064 4430 νέοι
2106 4376 2199 4429 καὶ
2234 4374 2601 4446 πρεσϐύτεροι
2651 4373 2791 4445 μετὰ
2840 4374 3142 4444 νεωτέρων,
3169 4374 3533 4443 ἀναρίθμητοι

1953 4469 2121 4539 δῆμοι
2154 4467 2298 4537 ὑπὲρ
2328 4465 2495 4519 αὑτοῦ
2540 4465 2946 4536 μαρτυροῦντες
2978 4462 3374 4533 ἐστεφανοῦντο
3400 4481 3413 4493 ⁸
3440 4466 3535 4518 καὶ

274 4563 352 4634 μὴ
385 4566 484 4615 σὺν
512 4561 590 4632 τῷ
642 4562 869 4632 ἄρχοντι
918 4559 1017 4613 τοῦ
1072 4560 1281 4630 κόσμου
1335 4558 1623 4631 κριθῶσιν,
1652 4560 1709 4613 ὃν
1744 4561 1844 4631 ἤδη
1880 4565 1931 4625 ι)
1960 4562 2101 4629 μετὰ
2123 4562 2293 4615 ταῦτα
2334 4559 2641 4630 εὑρέθησαν
2682 4557 2955 4625 δυνάμενα
2984 4556 3278 4626 βαστάζειν
3305 4557 3373 4609 τὰ
3404 4559 3536 4626 πρό-

272 4656 605 4726 κεκριμένον
663 4652 960 4725 μιμοῦνται
987 4668 1000 4683 ·
1034 4651 1127 4709 ίναη
1156 4652 1264 4725 γὰρ
1300 4652 1376 4722 μὴ
1409 4653 1443 4723 ή
1496 4652 1707 4723 σκληρὰ
1742 4654 1850 4706 τῶν

274 4750 485 4819 θνητῶν
534 4747 887 4819 ὑπερηφανία
944 4744 1240 4816 φείσασθαι
1286 4745 1493 4817 ταύτης
1545 4744 1728 4817 οἴηται
1760 4746 1852 4799 τὸν

271 4842 431 4909 Θεὸν,
465 4843 584 4905 ταῖς
612 4841 827 4904 ποιναῖς
861 4838 971 4892 τῶν
1001 4838 1375 4914 ὑπερικράνων
1398 4837 1649 4908 ἀγγέλων
1680 4855 1851 4893 καταο

275 4933 529 4990 σειέσθω.

272 5048 367 5099 Ἐκ
393 5045 487 5098 τοῦ
524 5047 634 5113 QC,"
665 5046 847 5111 λόγου,
879 5046 936 5097 ἐν
990 5024 1229 5113 ’ἐκείνοις
1254 5043 1371 5105 τοῖς
1402 5042 1656 5113 ’ῥήμασιν
1679 5058 1693 5071 '
1724 5044 1854 5098 Ἔτι

341 5112 557 5171 πολλὰ
586 5116 705 5181 ἔχω
734 5114 938 5183 λέγειν
960 5113 1123 5182 ὑμῖν,
1162 5112 1302 5166 ἀλλ’
1335 5114 1407 5166 oi:
1448 5113 1718 5167 δύνασθε
1742 5113 1855 5177 βα-

340 5185 581 5245 στάζειν
607 5186 759 5254 ἅρτι.
796 5184 905 5239 Kal
936 5184 1061 5254 μετ’
1086 5184 1261 5251 ὀλίγα
1289 5198 1303 5213 ο

344 5296 642 5348 Γινώσκειν
701 5294 834 5356 ἴσως
880 5293 1221 5362 ἐπιθυμεῖτε,
1272 5294 1416 5362 ἆπερ
1469 5294 1518 5351 οἱ
1566 5292 1861 5349 ἀπόστολοι

276 5387 397 5441 τότε
430 5386 725 5457 βαστάζειν
754 5386 854 5455 οὐχ
885 5382 988 5440 οἷοί
1014 5402 1075 5438 τε
1100 5382 1259 5456 ἦσαν.
1297 5384 1462 5438 Ἀλλὰ
1494 5385 1575 5448 τίς
1607 5384 1673 5439 ἂν
1702 5385 1859 5455 ἡμῶν

275 5481 573 5551 τίλμήσειε
638 5478 844 5531 τούτων
897 5480 1205 5550 χωρητικὸν
1252 5479 1445 5532 ἐαυτὸν
1498 5479 1602 5550 ἤδη
1656 5477 1854 5548 λέγειν,

275 5572 421 5641 ἅπερ
450 5575 645 5625 ἐκεῖνοι
681 5572 802 5623 τίτε
843 5572 1133 5639 γινώσκειν
1161 5571 1260 5624 οὑκ
1290 5571 1510 5640 ἴσχυονς
1546 5570 1712 5625 Ὅθεν
1741 5572 1860 5627 οὐδὲ

276 5664 411 5735 παρ’
445 5664 582 5733 ἐμοῦ
613 5664 762 5717 ταῦτ’
788 5664 1083 5732 ἀναμένειν
1117 5663 1532 5735 μαθησομένους
1569 5665 1859 5734 προσήκει,

278 5757 424 5826 ἅπερ
457 5758 588 5822 ἴσως
635 5757 759 5811 οὐδὲ
803 5760 934 5828 παρ’
983 5757 1144 5813 ἄλλου
1180 5758 1453 5827 λεγόμενα
1486 5757 1711 5824 δυνατός
1745 5762 1860 5829 εἰμι

279 5849 562 5917 δέξασθαι.
599 5850 741 5906 Ἀλλ’
772 5851 883 5907 οὐδ’
912 5851 1064 5922 ὑμεῖς
1096 5850 1335 5906 δύναισθ’
1364 5850 1431 5906 ἂν
1456 5850 1631 5907 ταῦτα
1663 5851 1862 5923 βαστά-

1954 4653 2116 4715 6ατα.
2149 4652 2292 4723 ἆπερ
2336 4654 2425 4705 ὅτε
2475 4649 2626 4703 ταῦτ’
2661 4650 2847 4718 ἔλεγεν
2878 4650 2905 4701 6
2942 4648 3137 4718 Σωτὴρ
3171 4646 3458 4718 βαστάζειν
3484 4649 3533 4700 οί

1954 4745 2216 4814 ποιμένες
2247 4745 2345 4813 οὐχ
2376 4738 2478 4795 οἶοί
2532 4759 2591 4795 τε
2621 4737 2786 4813 ἦσαν.
2816 4735 2965 4810 ’Λρα
3005 4740 3186 4795 τοίνυν
3219 4739 3389 4809 ἐχρῆν
3420 4741 3534 4802 τοῖς
3592 4790 3595 4793 ,

1958 4838 2255 4909 προϐάτοις
2288 4835 2517 4897 ἐκείνοις
2554 4833 2811 4907 ῥηθῆναι,
2851 4830 3241 4901 ἐπηρτημένου
3276 4828 3372 4882 τοῦ
3411 4848 3534 4882 πει-

1961 4931 2176 5003 ρασμοῦ
2210 4933 2266 4983 ἐν
2294 4923 2446 4999 ᾧπερ
2479 4930 2585 4984 ἔδει
2622 4927 2787 4999 μέχρι
2811 4926 3045 4980 θανάτου
3063 4924 3199 4993 πρὸς
3227 4923 3327 4993 τὴν
3359 4924 3536 4994 ἁμαρ-

1955 5026 2085 5078 τίαν.
2113 5025 2254 5095 ὑπὲρ
2288 5025 2386 5094 τῆς
2418 5022 2682 5090 ἀληθείας
2735 5012 3232 5077 ἀντικαθίστασθαι
3268 5018 3362 5070 καὶ
3395 5016 3535 5087 ὑπὲρ

1956 5116 2051 5170 τοῦ
2081 5116 2346 5184 ὀνόματος
2376 5112 2467 5166 τοῦ
2495 5110 2755 5183 Χριστοῦ,
2779 5110 2873 5165 καί⁵
2906 5109 3009 5177 τῆς
3041 5108 3253 5161 ἐκείνου
3282 5107 3539 5161 διδασκα-

1957 5208 2078 5271 λίας
2124 5208 2185 5260 τὸ
2230 5204 2371 5277 αἷμα
2425 5204 2714 5276 προΐεσθαι
2740 5220 2756 5271 ;
2788 5199 2898 5273 ἆρα
2930 5202 3133 5265 τοίνυν,
3186 5200 3324 5270 ὅπερ
3380 5197 3538 5266 ἔφην,

1959 5300 2128 5371 ἐχρῆν
2162 5300 2393 5359 ἐκείνοις
2428 5296 2704 5366 εἰρῆσθαι,
2734 5293 2830 5358 Τίς
2878 5293 3035 5363 ὑμῶν
3068 5292 3206 5363 1:96;
3233 5288 3296 5344 τδ
3326 5287 3537 5359 μαρτύ·

1963 5410 2078 5465 ριον
2128 5389 2316 5447 ίκανδν
2353 5390 2546 5441 ἐαυτδν
2596 5386 2776 5453 λέγειν
2812 5385 3127 5455 τολμήσειε,
3173 5383 3311 5453 πρὸς
3343 5383 3371 5434 ὃ
3408 5382 3539 5453 πρό-

1960 5502 2117 5553 τερον
2150 5474 2178 5536 6
2228 5482 2431 5553 Πέτρος
2465 5480 2566 5533 οὑκ
2612 5479 2793 5551 ἤρκει,
2826 5479 2916 5531 ὅτε
2968 5478 3143 5546 στόμα
3178 5477 3315 5547 πρὶς
3362 5477 3539 5546 στόμα

1963 5578 2126 5632 αύτίν
2150 5577 2178 5628 6
2208 5574 2409 5646 Κύριος
2446 5574 2702 5645 ἧλειφεν;
2738 5570 3024 5640 Οὐδαμῶς.
3060 5569 3217 5623 Οῦτω
3239 5569 3545 5645 τοίνυνκαὶ

1964 5669 2060 5722 νῦν
2091 5667 2237 5720 εἴποι
2265 5683 2347 5729 τις
2383 5665 2471 5725 ἂν,
2503 5664 2579 5734 μὴ
2626 5664 2738 5715 δεῖν
2774 5666 2886 5724 τοῖς
2916 5661 3023 5712 τῶν
3068 5662 3421 5730 Χριστιανῶν
3446 5660 3542 5712 λέ-

1964 5759 2158 5827 γεοθαι
2204 5758 2395 5827 δήμοις
2444 5752 2811 5824 ἐπιθυμοῦσιν
2850 5753 3107 5814 ἀκοῦσαι,
3137 5753 3257 5806 τίνα
3294 5747 3383 5822 ἦν,
3418 5753 3545 5820 περὶ

1966 5848 2040 5912 ὧν
2071 5853 2099 5906 ὁ
2126 5851 2331 5923 Κύριος
2363 5849 2516 5919 ἔλεγε
2564 5849 2707 5914 τότε,
2739 5865 2757 5900 ι
2806 5847 2981 5901 [Ιολλὰ
3032 5847 3138 5919 ἔχω
3174 5847 3357 5918 λέγειν
3391 5844 3542 5917 ύμῐν,
