3992 6210
278 312 410 373 1153

1253 314 1348 374 DE
1384 315 1904 380 PROCESSIONE
1952 320 2608 416 SPIRITUSSANCTI

3409 331 3558 394 1154-

266 425 360 478 scd
393 425 445 476 itt
469 439 580 492 quo
603 423 975 476 communitas
1007 436 1226 491 apparet
1260 432 1561 483 ﬂlltllm‘lltll.
1586 432 1696 484 Cur
1727 449 1854 501 ergo
1884 450 1929 498 Α
1961 434 2014 484 Si
2050 436 2214 502 igitur
2249 437 2569 506 intelligitur
2596 439 2704 497 liic.
2729 439 2849 506 ejus
2872 439 3141 504 doctrina,
3169 457 3331 509 quam
3362 451 3544 497 tamen

268 531 379 569 non
415 516 730 578 credamus,
758 518 902 584 quod
937 516 1098 569 etiam
1131 518 1199 570 de
1234 517 1370 570 Filio
1396 511 1657 587 procedat
1687 523 1859 591 Spiri-

271 619 361 660 tus
393 619 640 675 sanctus,
678 622 804 661 cum
855 605 976 660 Filii
1009 624 1233 679 quoque
1276 613 1389 679 ipse
1442 613 1514 665 sit
1574 613 1860 682 Spiritus?

270 702 325 752 Si
357 701 502 754 enim
539 714 645 751 non
684 699 752 752 ab
775 714 842 752 eo
876 702 1217 768 procederet.
1290 717 1396 754 non
1435 712 1560 771 post
1596 719 1846 758 resurre-

274 796 507 847 Ctiouem
537 807 596 845 se
619 802 1016 860 repraesentans
1047 792 1333 862 disc-polis
1359 796 1475 848 suis
1505 794 1856 858 insulllasset,

270 886 462 938 dicens
502 899 517 936 :
562 901 580 933 t
614 883 858 953 Accipite
899 882 1166 953 Spiritum
1202 894 1512 941 sant-tum.»
1546 888 1686 952 Quid
1710 888 1855 942 enim

271 973 419 1026 alittd
477 972 806 1044 signiﬁcavit
869 974 1188 1038 insultlatin,
1240 975 1342 1029 ttisi
1391 976 1537 1046 quod
1597 979 1859 1046 procedat

274 1065 510 1134 Spiritus
537 1075 760 1120 sanctus
783 1075 839 1120 et
867 1067 937 1120 de
966 1069 1083 1137 ipso
1115 1067 1138 1120 ?
1167 1067 1249 1121 Ad
1289 1069 1389 1122 hoc
1425 1068 1664 1136 pertinet
1690 1069 1854 1122 etiam

273 1159 431 1223 illud,
473 1160 611 1224 quod
665 1159 733 1213 de
761 1159 990 1214 muliere
1039 1175 1161 1229 quae
1192 1161 1397 1212 ﬂuxum
1438 1160 1722 1227 sanguinis
1753 1175 1851 1228 pa-

274 1251 531 1313 tiebatur,
574 1251 693 1304 ait:
730 1270 749 1301 ι
785 1249 989 1321 Tetigit
1025 1267 1112 1305 me
1144 1252 1368 1321 aliquis;
1406 1266 1508 1322 ego
1532 1253 1677 1306 enim
1709 1254 1855 1307 sensi

271 1341 338 1393 de
380 1356 465 1394 tne
499 1342 757 1397 virtutem
813 1343 1037 1398 exiisse.
1082 1362 1101 1395 ι
1157 1342 1290 1397 Nam
1359 1344 1576 1400 virtutis
1635 1347 1856 1400 nomine

273 1431 534 1499 appellari
555 1432 718 1485 etiam
745 1430 1300 1500 Spiritumsanctum,
1334 1440 1387 1485 et
1420 1448 1485 1485 eo
1507 1431 1627 1485 loco
1649 1433 1855 1485 clarum

271 1530 376 1585 est,
411 1519 504 1573 ubi
532 1519 783 1588 angelus,
838 1519 1039 1574 dicenti
1089 1517 1274 1574 Maria:
1310 1535 1324 1574 :
1368 1539 1384 1572 ι
1420 1520 1707 1586 Quomodo
1764 1522 1856 1574 lict

276 1611 446 1678 istud,
485 1611 740 1679 quoniam
767 1611 941 1665 virum
974 1625 1081 1665 non
1115 1625 1389 1680 cognosco
1419 1611 1442 1663 ἲ
1475 1629 1494 1662 ι
1533 1611 1855 1680 respondit:

280 1721 297 1750 ι
326 1699 560 1769 Spiritus
600 1709 823 1755 sanctus
845 1703 1192 1769 superveniet
1220 1703 1273 1755 in
1307 1712 1378 1766 te,
1405 1713 1458 1756 et
1483 1702 1656 1756 virtus
1688 1701 1854 1756 ΑΠιθ·

273 1788 396 1840 simi
428 1787 782 1843 obutnbrabit
841 1791 962 1845 tibi.
1003 1809 1023 1844 ι
1059 1789 1125 1843 Et
1152 1790 1267 1859 ipse
1304 1791 1572 1846 Dominus
1619 1794 1847 1861 premit-
1886 1778 1928 1836 Β

275 1889 396 1934 ιριιε
422 1897 546 1934 cum
603 1882 907 1952 discipulis,
939 1884 1015 1937 ait
1045 1898 1059 1937 :
1096 1901 1116 1935 ι
1173 1883 1281 1940 Vos
1313 1884 1499 1939 sedete
1524 1885 1578 1939 in
1608 1885 1851 1948 civitate,

274 1988 566 2041 quousque
616 1975 916 2028 induamini
970 1978 1168 2030 virtute
1197 1993 1262 2030 cx
1291 1982 1422 2030 alto.
1459 1995 1484 2027 ν
1531 1976 1598 2031 Ει
1632 1977 1852 2031 iterum:

280 2082 298 2113 ι
347 2064 665 2133 Accipietis,
747 2066 944 2134 inquit,
1027 2069 1280 2120 virtutem
1353 2064 1593 2136 Spiritus
1652 2067 1852 2131 sancti,

276 2157 749 2225 snpervrnientem
781 2160 832 2211 itt
860 2174 975 2224 ros,
1009 2168 1064 2212 et
1092 2160 1248 2214 eritis
1288 2160 1420 2213 utilti
1465 2170 1652 2215 testes.
1716 2178 1735 2210 ι
1779 2159 1856 2215 De

278 2250 378 2301 liae
455 2250 652 2304 virtute
703 2253 1012 2306 credendus
1081 2263 1165 2306 est
1220 2255 1404 2308 dicere
1469 2253 1852 2322 evangelista:

283 2337 500 2392 «Virtus
533 2343 599 2395 de
621 2342 712 2394 illo
739 2343 944 2404 exiliat,
990 2353 1044 2396 et
1075 2345 1305 2398 sanabat
1339 2358 1586 2399 omnes.»
1635 2344 1690 2397 Si
1724 2361 1856 2414 eruo

276 2432 416 2483 etde
439 2430 596 2484 i’atre
619 2431 758 2488 etde
781 2430 919 2484 Filio
949 2434 1191 2500 procedit
1223 2432 1460 2501 Spiritus
1482 2442 1730 2494 sanctus,
1757 2447 1858 2486 cur

277 2520 448 2575 Filius
479 2522 614 2576 dixit
651 2539 670 2581 ;
699 2523 804 2576 «De
827 2521 984 2576 Patre
1013 2526 1257 2593 procedit
1289 2524 1342 2576 ?i
1380 2525 1486 2577 Cur
1537 2535 1715 2593 putas,
1745 2524 1852 2580 nisi

276 2615 732 2683 quemadmodum
757 2616 820 2668 ad
849 2632 971 2669 euut
993 2618 1134 2671 solet
1159 2617 1383 2682 referre,
1409 2626 1464 2670 et
1493 2622 1638 2687 quod
1679 2618 1854 2688 ipsius

277 2715 379 2770 est,
406 2706 473 2760 de
507 2720 615 2776 quo
641 2717 693 2761 et
726 2707 842 2777 ipse
869 2717 950 2761 est
979 2708 1002 2761 ἵ
1029 2707 1180 2762 Unde
1217 2708 1349 2768 illud
1386 2717 1493 2770 est.
1525 2709 1670 2778 quod
1734 2710 1811 2763 ait
1839 2728 1851 2764 :

283 2797 428 2852 «Mea
455 2799 705 2853 doctrina
737 2814 842 2854 non
865 2808 948 2854 est
970 2799 1226 2864 mea,scd
1260 2799 1378 2869 ejus
1409 2800 1503 2870 qui
1537 2799 1688 2854 misit
1711 2816 1848 2856 me.»

279 2980 373 3034 καὶ
401 2979 666 3050 ἑκάτερος
695 2977 1016 3044 καλοῦνται,
1057 2977 1203 3040 ίδίως
1226 2977 1388 3031 τοῦτο
1429 2979 1538 3032 ἔδει
1567 2979 1855 3035 καλεῖσθαι

278 3069 460 3119 ἐκεῖνο
487 3067 625 3136 ὅπερ
662 3067 724 3118 ού
779 3065 1014 3136 θατέρου
1055 3067 1266 3120 τούτων
1319 3069 1491 3134 ἐστὶν,
1529 3069 1646 3124 ἀλλ’
1700 3073 1759 3124 ἐν
1811 3065 1855 3140 ᾧ

277 3159 533 3229 φαίνεται
573 3159 635 3213 τὸ
689 3159 871 3212 κοινὸν
928 3160 1307 3229 ἀμφωτέρων.
1350 3163 1505 3217 Διατί
1555 3163 1740 3218 τοίνυν
1781 3165 1858 3236 μὴ

279 3253 673 3322 πιστεύσωμεν
727 3254 822 3306 καὶ
891 3256 954 3306 ἐκ
1006 3254 1102 3306 τοῦ
1154 3253 1286 3306 Υίοῦ
1342 3255 1743 3324 ἐκπορεύεσθαι
1795 3259 1858 3308 τὸ

281 3347 507 3418 Πνεῦμα
563 3347 627 3400 τὸ
680 3346 862 3414 ἅγιον,
917 3347 1040 3399 ἐπεὶ
1074 3346 1296 3400 καὶτοῦ
1340 3348 1473 3400 Υἰοῦ
1525 3351 1676 3401 ἐστιν
1725 3349 1857 3402 αὐτὸ

279 3439 541 3509 Πν-ῦμα;
585 3440 646 3492 Et
677 3440 786 3510 γὰρ
835 3439 913 3510 μὴ
958 3441 1089 3508 παρ’
1119 3438 1285 3492 αὺ;οῦ
1327 3439 1709 3510 ἐξεπορεύετο,
1754 3442 1854 3494 οὐκ

279 3533 343 3586 ἂι
379 3538 517 3601 μετὰ
547 3534 645 3602 τὴν
679 3533 980 3586 ἀνάστασιν
1008 3533 1204 3585 ἑαυτὸν
1233 3534 1556 3602 ἐμφανίζων
1590 3536 1700 3595 τοῖς
1752 3551 1856 3602 μα-

277 3625 492 3692 θηταῖς,
523 3627 860 3693 ἐνεφύσησεν
878 3626 1063 3686 αὐτοῖς
1088 3626 1266 3693 λέγων
1290 3643 1304 3658 ο
1343 3643 1362 3675 t
1389 3627 1601 3678 Λάϐετε
1628 3628 1851 3696 Πνεῦμα

275 3720 454 3783 ἆμον.
491 3737 510 3769 ι
552 3717 615 3769 Τί
655 3721 763 3788 γὰρ
796 3718 987 3787 ἕτερον
1041 3716 1302 3788 ἐδηλοῦτο
1358 3717 1426 3770 δι’
1484 3720 1702 3772 ἐκείνου
1754 3721 1848 3772 τοῦ

275 3813 694 3880 ἐμφυσήματος,
720 3813 768 3863 εξ
799 3810 875 3881 μὴ
903 3812 987 3864 ὅτι
1014 3813 1108 3864 καὶ
1139 3812 1269 3881 παρ’
1293 3811 1506 3864 ἐκείνου
1533 3813 1594 3865 τὸ
1623 3811 1850 3881 Πνεῦμα

273 3902 333 3952 τὸ
363 3881 519 3970 ἅγιον
554 3902 956 3974 ἐκπορεύεται;
1013 3902 1157 3971 Πρὸς
1202 3903 1362 3956 τοῦτο
1393 3903 1440 3956 δ’
1495 3905 1689 3975 ἀνήκει
1749 3923 1850 3959 κα-

273 3996 439 4059 κεῖνο,
455 3997 612 4085 ἑπερ
647 3997 780 4065 φησι
813 3997 941 4065 περὶ
975 3997 1072 4065 τῆς
1106 3996 1524 4068 αἱμορροούσης
1556 4000 1840 4065 γυναικός·

278 4107 294 4137 ι
332 4088 546 4156 ’Ἥψατό
578 4087 680 4157 μού
727 4106 809 4151 τις
841 4106 855 4118 ·
889 4090 1000 4154 ἐγὼ
1033 4089 1141 4160 γὰρ
1195 4089 1370 4158 ἔγνων
1421 4090 1658 4160 δύναμιν
1696 4093 1849 4157 ἐξελ-

273 4177 470 4231 θοῦσαν
497 4182 555 4243 ἐξ
577 4179 732 4248 ἐμοῦ·
774 4198 794 4230 ι
833 4181 895 4232 τὸ
912 4182 1020 4250 γὰρ
1052 4181 1128 4249 τῷ
1159 4181 1392 4250 ὀνόματι
1427 4185 1526 4252 τῆς
1560 4184 1848 4256 δυνάμεως

272 4274 453 4325 καὶτὸ
489 4272 714 4341 Πνεῦμα
738 4272 798 4324 τὸ
833 4276 990 4340 ἅγιον
1046 4273 1334 4327 καλεῖσθαι
1379 4275 1542 4344 δῆλον
1587 4277 1643 4343 ἐξ
1687 4276 1762 4330 ὼν
1818 4281 1846 4332 6

271 4363 527 4430 ἄγγελος,
560 4368 626 4435 τῇ
659 4365 848 4435 Μαρίᾳ.
877 4366 1136 4438 λεγούσῃ,
1192 4385 1209 4417 ι
1245 4369 1402 4420 Κατὰ
1453 4369 1506 4421 τί
1550 4371 1844 4440 γνώσομαι

1963 527 2099 580 dixit
2128 544 2232 580 non
2266 545 2439 592 suam,
2471 531 2564 585 sed
2590 529 2706 584 Pati
2727 533 2791 593 is,
2819 543 3024 602 quanto
3052 536 3225 603 magis
3247 534 3352 587 il'ic
3387 535 3546 588 intel-

1963 618 2210 685 ligendus
2248 630 2351 686 est,
2377 633 2431 675 et
2454 623 2520 676 de
2546 624 2664 693 ipso
2692 627 2991 694 procedere
3019 626 3262 696 Spiritus
3295 639 3540 693 sanctus,

1965 711 2052 764 ubi
2086 711 2166 766 sic
2201 713 2315 766 ait:
2352 715 2458 768 «De
2497 714 2660 770 Patre
2712 720 3012 787 procedit,»
3040 733 3096 774 ιιι
3131 737 3237 775 non
3298 722 3542 778 diceret:

1966 801 2040 854 I)e
2072 819 2157 856 me
2181 818 2295 857 non
2316 809 2606 874 ptOCCdll?
2637 809 2678 860 A
2709 825 2818 878 quo
2851 821 3030 864 autem
3067 811 3231 866 habet
3279 811 3450 866 Filius
3488 822 3546 866 et

1961 895 2031 948 sit
2069 894 2232 958 Deus,
2258 907 2344 950 est
2373 900 2518 952 cnim
2555 899 2621 953 de
2649 899 2761 954 Deo
2800 902 2962 965 lli-us,
3010 903 3076 955 ab
3111 905 3200 956 illo
3242 904 3407 958 liabet
3438 913 3547 956 utt-

1960 1000 2086 1055 quc,
2123 995 2180 1040 ιιι
2217 989 2379 1042 etiam
2414 992 2480 1044 de
2518 992 2609 1044 illo
2639 995 2899 1062 procedat
2928 994 3169 1066 Spiritus
3202 1010 3446 1064 sanctus,
3479 1020 3544 1057 ac

1961 1094 2056 1146 per
2088 1081 2187 1134 IIOC
2221 1079 2462 1151 Spiritus
2490 1096 2732 1150 Sanctus,
2762 1094 2820 1139 ut
2847 1089 3010 1140 etiam
3036 1089 3102 1144 de
3141 1089 3277 1144 Filio
3347 1109 3539 1162 prore-

1960 1173 2076 1237 dal,
2103 1173 2515 1244 sicutprocedit
2546 1178 2613 1230 de
2650 1176 2829 1242 Patre,
2891 1180 2957 1231 ab
2987 1182 3106 1249 ipso
3138 1185 3301 1237 habet
3356 1183 3539 1240 Patre.

1960 1263 2062 1317 llic
2086 1275 2364 1334 utcunque
2420 1268 2582 1321 etiam
2639 1270 2768 1322 illud
2828 1271 3154 1342 intelligitur
3211 1286 3474 1345 quantum
3511 1299 3539 1332 a

1963 1355 2180 1418 talibus,
2217 1357 2410 1427 quales
2435 1374 2534 1413 nos
2569 1375 2784 1426 sumus,
2813 1361 3038 1434 intelligi
3070 1378 3275 1435 petest,
3309 1384 3408 1422 cur
3434 1387 3538 1424 non

1959 1446 2177 1500 dicatur
2207 1458 2373 1504 natus
2395 1465 2536 1517 esse,
2577 1454 2670 1507 sed
2739 1453 2920 1523 potius
2975 1461 3270 1523 procedere
3321 1460 3542 1531 Spritus

1960 1547 2204 1592 sant-tus.
2231 1537 2500 1606 Quoniam
2531 1542 2575 1596 si
2607 1551 2662 1597 et
2715 1544 2832 1613 ipse
2891 1543 3062 1602 Filius
3093 1548 3393 1616 diceretur,
3427 1568 3542 1606 am-

1961 1628 2154 1684 borum
2208 1632 2398 1701 utique
2428 1632 2606 1688 Filius
2655 1635 2952 1703 diceretur,
3010 1643 3153 1706 quod
3204 1641 3542 1699 absurdiSsi-

1963 1739 2109 1776 mum
2131 1733 2252 1778 est:
2288 1724 2459 1779 Filius
2491 1727 2692 1796 quippe
2752 1729 2938 1784 nullus
2989 1741 3076 1785 est
3131 1731 3390 1799 duorum,
3431 1739 3552 1793 eid,

1956 1816 2147 1883 patris,
2191 1827 2246 1870 et
2288 1819 2499 1874 matris.
2524 1818 2682 1874 Absit
2725 1833 2933 1882 autem,
2969 1831 3027 1875 ut
3074 1823 3215 1878 inter
3249 1826 3413 1880 Deum
3439 1828 3540 1882 l‘a-

1958 1916 2194 1968 trem,et
2249 1907 2415 1961 Deum
2453 1908 2649 1964 Filium
2712 1912 2820 1965 tale
2877 1914 3084 1984 aliquid
3149 1918 3534 1984 susliicemtnl

1955 1997 2091 2064 Quia
2129 2014 2231 2053 nec
2273 1999 2444 2055 Filius
2487 2003 2726 2058 heminis
2754 2007 2944 2072 sztnul,
2979 2017 3028 2061 et
3074 2024 3138 2061 ex
3181 2018 3334 2076 patre
3378 2019 3431 2064 et
3470 2028 3535 2064 ex

1957 2098 2130 2148 matre
2163 2096 2408 2162 procedit
2441 2115 2455 2161 ;
2488 2096 2582 2150 sed
2607 2112 2728 2151 cum
2783 2099 3032 2169 procedit
3083 2114 3146 2154 ex
3208 2110 3384 2171 patre,
3426 2117 3532 2156 non

1957 2191 2088 2236 tuac
2148 2186 2397 2253 procedit
2449 2197 2503 2240 ct
2546 2204 2611 2242 ex
2659 2199 2868 2254 matre;
2921 2200 2973 2245 ct
3003 2209 3127 2245 rum
3175 2193 3226 2246 in
3283 2194 3422 2247 hanc
3454 2197 3537 2248 lu-

1958 2290 2074 2327 cem
2106 2277 2308 2346 prodt,
2338 2279 2585 2345 procedit
2628 2295 2695 2334 ex
2722 2292 2914 2347 matre,
2966 2299 3074 2338 non
3113 2297 3242 2339 tunc
3292 2289 3488 2354 proet-d
3519 2300 3538 2341 t

1956 2378 2019 2417 ex
2056 2376 2230 2433 patre.
2264 2365 2505 2435 Spiritus
2525 2379 2706 2424 autem
2739 2385 2967 2428 sanctus
2992 2391 3098 2429 non
3125 2376 3190 2429 de
3221 2376 3384 2433 Patre
3410 2396 3532 2447 pru-

1957 2457 2102 2508 cedit
2136 2457 2189 2509 in
2219 2458 2440 2524 Filium,
2475 2471 2527 2514 ct
2557 2462 2622 2515 de
2654 2462 2790 2517 ΡΛῑο
2814 2469 3061 2533 procedit
3085 2471 3149 2521 ad
3178 2472 3532 2525 sanctiﬁcan-

1956 2546 2080 2600 dam
2122 2561 2454 2616 creaturam,
2509 2553 2603 2605 sed
2647 2554 2808 2607 simul
2837 2555 2904 2610 de
2944 2570 3182 2628 utroque
3230 2565 3477 2629 procedit
3519 2583 3531 2617 :

1956 2642 2210 2709 quamvis
2243 2641 2342 2694 hoc
2377 2643 2509 2696 Filio
2532 2642 2694 2698 Pater
2715 2648 2946 2712 dederit,
2986 2662 3042 2704 ut
3075 2655 3534 2722 quemadmodum

1958 2731 2023 2784 tle
2056 2747 2134 2796 se,
2169 2732 2242 2785 ita
2291 2735 2358 2787 de
2407 2734 2498 2788 illo
2544 2751 2760 2806 quoque
2816 2743 3094 2809 procedit.
3155 2743 3342 2815 Neque
3387 2751 3533 2802 enin

1957 2836 2250 2890 possumus
2281 2827 2466 2881 dicere
2519 2829 2665 2898 quod
2699 2846 2806 2885 non
2865 2832 2938 2888 sit
2973 2835 3082 2888 vita
3120 2837 3360 2906 Spiritus
3406 2855 3538 2894 san-

1961 3003 2088 3074 παρ’
2123 3002 2184 3057 οῦ
2233 3005 2328 3057 καὶ
2374 3007 2536 3072 αὐτός
2590 3009 2760 3065 ἐστιν.
2797 3012 2964 3066 Ὅθεν
3020 3016 3246 3070 κάκεῖνό
3295 3020 3466 3084 ἐστιν,
3509 3022 3539 3073 ὅ

1881 3130 1928 3191 c
1961 3112 2153 3164 φησιν,
2191 3114 2208 3146 t
2263 3097 2329 3148 Ἦ
2369 3100 2480 3167 ἐμὴ
2528 3099 2720 3172 διδαχὴ
2764 3103 2865 3156 οῦκ
2897 3104 3050 3159 ἔστιν
3081 3109 3218 3180 ἐμὴ,
3271 3111 3409 3166 ἀλλὰ
3440 3115 3536 3166 τοῦ

1960 3187 2279 3256 πέμψαντός
2304 3207 2375 3257 με
2407 3191 2641 3262 Πατρός.
2676 3213 2694 3246 ι
2721 3195 2784 3248 Et
2811 3199 2994 3250 τοίνυν
3021 3203 3300 3256 κάνταῦθα
3331 3209 3536 3260 νοεῖται

1933 3280 2241 3332 .κα“ιαύτοῦ
2277 3283 2307 3350 ἡ
2345 3281 2692 3348 διδασκαλία,
2723 3287 2904 3341 καίτοι
2942 3290 3151 3361 ταύτην
3177 3293 3276 3364 οὐχ
3313 3297 3536 3360 ἑαυτοῦ,

1959 3370 2100 3422 ἀλλὰ
2133 3371 2230 3423 τοῦ
2286 3373 2502 3440 Πατρὸς
2532 3371 2673 3429 εἶναι
2731 3380 3032 3447 φήσαντος,
3067 3384 3183 3447 πῶς
3231 3387 3292 3437 οῦ
3330 3390 3535 3455 μᾶλλον

1960 3464 2124 3513 κάκεῖ
2154 3461 2235 3512 δεῖ
2265 3465 2409 3514 νοεῖν
2462 3465 2556 3515 καὶ
2616 3466 2748 3533 παρ’
2799 3469 2966 3520 αὑτοῦ
3015 3471 3418 3540 ἐκπορεύεσθαι
3475 3482 3537 3528 τ“›

1959 3551 2189 3619 Πνεῦμα
2262 3553 2324 3604 τὸ
2391 3553 2573 3620 ἅγιον,
2643 3555 2772 3609 ἐκ,οα
2823 3555 3002 3622 οὕτως
3053 3560 3278 3628 ἔφησεν,
3323 3568 3384 3616 ἐκ
3442 3567 3534 3618 το)

1961 3643 2173 3712 Πατρὸς
2229 3643 2361 3696 αὖτ’»
2421 3646 2860 3716 ἐκπορεύεσθαι,
2929 3650 3006 3713 ὡς
3056 3652 3133 3721 μὴ
3182 3655 3365 3721 λέγειν
3440 3671 3537 3709 και

1965 3755 1980 3786 ι
2020 3735 2151 3806 παρ’
2191 3737 2332 3807 ἐμοῦ
2369 3737 2446 3808 μὴ
2475 3740 2919 3810 ἐκπορεύεσθαι;
2953 3761 2972 3794 ι
3010 3743 3141 3812 παρ’
3174 3741 3235 3800 οὗ
3261 3747 3317 3800 δὲ
3345 3748 3460 3818 ἔχει
3483 3755 3536 3809 ,ὁ

1960 3827 2082 3890 ria;
2114 3830 2171 3880 τὸ
2217 3824 2360 3882 εἶναι
2401 3833 2555 3896 Θεὸς,
2594 3833 2709 3884 ἐστι
2751 3835 2858 3904 γὰρ
2899 3835 3030 3896 Θειῦς
3079 3837 3143 3889 ἐκ
3190 3837 3353 3901 θέοῧν
3393 3840 3532 3909 παρ’

1955 3919 2122 3971 αὐτοῦ
2157 3919 2272 3989 ἔχει
2311 3922 2531 3984 πάντως
2555 3923 2612 3973 τὸ
2647 3924 2753 3975 καὶ·
2775 3925 3092 3995 τςαράύιοῦ
3123 3929 3534 4001 ἐκπτρεύεσθ-,ι

1953 4011 2014 4063 τὸ
2047 4011 2272 4081 Πνεῦμα
2311 4014 2370 4064 τὸ
2421 4012 2600 4072 ἅγιον.
2652 4015 2926 4070 Ἐνταῦθα
2975 4022 3225 4074 ὁπωσοῦν
3278 4024 3534 4086 κάκεῖ-νος

1954 4104 2182 4164 νοεῖται,
2221 4103 2294 4164 ὡς
2332 4106 2559 4157 δυνατὶν
2590 4108 2742 4175 παρὰ
2787 4109 2870 4174 τὸ,
2898 4105 2999 4161 οἷοι
3028 4096 3212 4181 ἡμεῖς,
3265 4112 3532 4176 νοεῖσθαι,

1953 4195 2070 4256 πῶς
2088 4195 2148 4246 οὐ
2172 4195 2379 4265 μᾶλλον
2403 4198 2723 4262 γεννᾶσθαι,
2749 4199 2864 4253 ἀλλ’
2881 4203 3284 4272 ἐκπορεύεσθαι
3309 4206 3532 4276 λέγεται

1951 4287 2012 4340 τὸ
2038 4287 2265 4357 Πνεῦμα
2287 4289 2348 4341 τὺ
2375 4287 2565 4356 ἆγιον;
2601 4292 2658 4342 Εἰ
2683 4293 2791 4362 γὰρ
2820 4295 2979 4346 τοῦτο
3009 4297 3130 4358 Υἱὸς
3160 4297 3400 4366 ἐλέγετο,
3426 4302 3532 4370 ἀμ-

1955 4382 2202 4450 φοτέρων
2227 4381 2292 4433 ἂν
2327 4383 2437 4442 υἱὸς
2469 4382 2708 4450 ἐλέγετο,
2767 4384 2904 4453 ὅπερ
2941 4389 3306 4455 ἀνοητότατον
3352 4393 3530 4448 ἐστι--·.

269 4451 450 4513 τοῦτον
505 4453 628 4503 ἐπεὶ
667 4454 839 4522 ἄνδρα
907 4455 968 4504 οὐ
1046 4453 1339 4520 γινώσκως
1383 4474 1402 4506 ³
1457 4457 1798 4527 ἀπεκρίνατο
1823 4477 1835 4490 ⁹
1879 4483 1920 4536 D
1951 4473 2138 4536 Οὐδεὶς
2169 4473 2281 4542 γὰρ
2316 4473 2438 4536 Tib;
2472 4474 2618 4526 δυεῖν
2649 4475 2766 4528 ἐστι
2796 4478 2937 4548 πλὴν
2967 4479 3058 4531 τοῦ
3084 4485 3289 4556 πατρὸς
3315 4488 3528 4556 καὶτῆς

272 4559 289 4589 ι
332 4542 554 4608 Πνεῦμα
587 4542 744 4609 ἅγιον
799 4544 1166 4597 ἐπελεύσεται
1215 4547 1309 4598 ἐπὶ
1345 4549 1426 4611 σὲ,
1465 4548 1561 4600 καὶ
1610 4550 1843 4621 δύναμις

278 4632 540 4701 Ὑψίστου
584 4636 901 4688 ἐπισκιάσει
933 4653 1038 4689 σοι.
1082 4656 1099 4687 ι
1147 4637 1311 4691 ’Λλλὰ
1331 4640 1427 4692 καὶ
1462 4641 1625 4704 αὐτὸς
1666 4644 1694 4694 6
1725 4644 1840 4695 Κύο

268 4743 382 4795 ριος
437 4728 875 4798 ὑπισχνούμενος
922 4731 1054 4782 αὐτὸ
1111 4735 1224 4795 τοῖς
1280 4736 1554 4804 μαθηταῖς
1624 4752 1839 4804 φησιν’

271 4837 287 4868 t
333 4819 523 4887 Ὑμεῖς
551 4821 608 4872 δὲ
639 4821 903 4874 καθίσατε
937 4825 994 4873 ἐν
1032 4825 1098 4892 τῇ
1134 4823 1292 4876 πόλει
1342 4826 1706 4897 Ἰερουσαλὴμ
1735 4829 1839 4892 ἕως

265 4903 325 4961 οὗ
350 4912 646 4982 ἐνδύσησθε
677 4913 910 4983 δύναμιν
941 4914 1001 4977 ἐξ
1027 4915 1219 4984 ὕψους,
1264 4936 1281 4968 ι
1318 4919 1412 4971 καὶ
1435 4919 1599 4971 πάλιν
1623 4938 1638 4953 ο
1684 4938 1704 4970 ι
1734 4923 1845 4990 Λη-

265 5003 455 5072 ψεσθε,
491 5005 649 5074 φησὶ,
703 5005 936 5075 δύναμιν
971 5007 1295 5072 ἐπελθόντος
1347 5011 1442 5062 τοῦ
1481 5011 1639 5079 ἁγίου
1671 5012 1842 5066 Πνεύ-

265 5109 436 5162 ματος
460 5095 545 5163 ἐφ’
583 5096 751 5164 ὑμᾶς,
785 5097 880 5149 καὶ
913 5097 1106 5150 ἐσεσθὲ
1150 5115 1242 5168 μοι
1289 5099 1590 5169 μάρτυρες.
1631 5119 1650 5152 ι
1705 5102 1842 5170 Περὶ

261 5186 466 5255 ταύτης
497 5188 682 5241 τοίνυν
705 5190 803 5259 τῆς
832 5191 1120 5260 δυνάμεως
1165 5194 1490 5247 πιστευτέον
1535 5195 1630 5247 τὸν
1678 5197 1842 5264 εὐαγ-

259 5276 517 5348 γελιστὴν
553 5278 757 5347 λέγειν,
796 5298 817 5331 t
853 5282 1100 5352 Δύναμις
1151 5283 1286 5354 πλρ’
1318 5284 1486 5338 αὑτοῦ
1544 5285 1836 5356 ἐξήρχετο,

263 5374 356 5425 καὶ
401 5372 521 5425 ἰᾶτο
545 5375 781 5438 πάντας.
816 5392 834 5425 ι
870 5376 932 5430 Εί
955 5377 1137 5430 τοίνυν
1165 5378 1265 5430 καὶ
1289 5380 1444 5448 παρὰ
1466 5377 1562 5430 τοῦ
1599 5381 1836 5451 Ματρὸς,

261 5463 356 5514 καὶ
389 5466 544 5536 παρὰ
572 5466 665 5519 τοῦ
708 5469 836 5521 Υίοῦ
877 5470 937 5522 τὸ
971 5470 1126 5537 ἆγιον
1161 5471 1534 5539 ἐκπορεύεται
1581 5473 1834 5542 Πνεῦμα,

258 5554 406 5616 τίνος
440 5558 602 5626 χάριν
625 5558 653 5608 6
682 5557 808 5620 Υίδς
838 5559 1048 5630 είρηκε,
1091 5577 1110 5611 ι
1147 5563 1303 5630 Παρὰ
1347 5561 1441 5614 τοῦ
1476 5564 1690 5633 Πατρδς
1745 5567 1836 5617 ἐκ·

260 5648 593 5715 πορεύεται;
651 5667 668 5700 ι
722 5650 879 5703 Διατί
929 5651 1024 5704 οὖν
1066 5653 1202 5719 οἴει;
1245 5656 1472 5720 Πάντως
1521 5656 1581 5707 ὃν
1625 5658 1832 5728 τρόπον

253 5741 444 5796 εἴωθεν
477 5745 776 5817 ἀναφέρειν
807 5747 938 5818 πρὸς
968 5748 1058 5802 τὸν
1097 5749 1315 5821 Πατέρα
1349 5756 1442 5804 καὶ
1508 5751 1572 5804 τὰ
1605 5754 1828 5822 ἑαυτοῦ,

1951 4564 2180 4635 μητρός.
2227 4565 2421 4634 Ἀπείη
2449 4563 2506 4616 δὲ
2535 4565 2780 4620 τοιοῦτόν
2819 4587 2871 4621 τι
2910 4573 3119 4639 μεταξὺ
3145 4576 3238 4628 τοῦ
3271 4577 3407 4630 Θεοῦ
3437 4582 3530 4632 καὶ

1952 4657 2164 4726 Πατρὸς
2209 4657 2303 4710 καὶ
2349 4656 2445 4709 τοῦ
2493 4657 2631 4710 Θεοῦ
2668 4661 2764 4712 καὶ
2800 4661 2929 4714 Υἱοῦ
2965 4665 3117 4733 ἡμᾶς
3171 4669 3526 4724 ἐποπτεύειν.

1958 4741 2113 4801 Ἐπεὶ
2150 4749 2245 4802 καὶ
2294 4751 2322 4802 ὁ
2380 4749 2494 4813 υἱὸς
2530 4751 2638 4803 τῶν
2674 4750 2984 4820 ἀνθρώπων
3036 4759 3133 4827 οὐχ
3170 4757 3284 4826 ἅμα
3335 4762 3396 4814 ὲκ
3431 4764 3526 4814 τοῦ

1945 4843 2146 4912 πατρὸς
2185 4844 2401 4914 πρόεισι
2443 4845 2538 4896 καὶ
2585 4844 2686 4913 τῆς
2721 4850 2930 4917 μητρός
2963 4864 2977 4880 ο
3004 4849 3126 4902 ἀλλ’
3178 4853 3305 4904 ὃταν
3356 4857 3525 4924 προΐῃ

1944 4936 2010 4986 ἐκ
2068 4933 2165 4986 τοῦ
2228 4935 2461 5004 πατρὸς,
2502 4934 2656 4989 οὕτω
2692 4929 2945 5008 πρόεισιν
3003 4943 3070 4994 ἐκ
3119 4943 3219 5011 τῆς
3269 4947 3472 5015 μητρός
3505 4962 3521 4976 ·

1945 5030 2038 5080 καὶ
2071 5027 2202 5080 ὅταν
2265 5030 2345 5090 εἰς
2401 5028 2560 5080 τοῦτο
2605 5031 2665 5083 τὸ
2716 5033 2828 5100 (pro,
2868 5035 3233 5105 προέρχηται,
3282 5040 3342 5088 ού
3396 5055 3521 5090 ττε

1944 5120 2281 5190 προέρχεται
2320 5128 2414 5174 καὶ
2469 5122 2531 5174 ἐκ
2580 5123 2670 5176 τοῦ
2709 5125 2938 5190 πατρὸς.
2983 5127 3054 5177 T6
3101 5129 3157 5180 δὲ
3195 5131 3421 5198 Πνεῦμα
3462 5139 3524 5183 τὸ

1943 5211 2098 5279 ἅγιον
2132 5213 2234 5264 οὐκ
2255 5216 2316 5264 ἐκ
2352 5213 2448 5266 τοῦ
2487 5215 2702 5285 Πατρὺς
2757 5217 3120 5287 ἐκπορεύεται
3153 5226 3344 5284 εεςτδν
3370 5223 3434 5276 Υἱ
3469 5243 3520 5290 ν,

1942 5305 2052 5355 κάκ
2087 5302 2182 5355 τοῦ
2238 5303 2367 5356 Υἱοῦ
2413 5307 2780 5376 ἐκπορεύεται
2833 5311 2968 5381 πρὸς
3015 5312 3074 5365 τὺ
3133 5313 3385 5380 ἁγιάζειν
3419 5323 3520 5383 την

1940 5395 2141 5462 κτίσιν,
2177 5397 2293 5450 ἀλλ’
2320 5398 2457 5468 ὁμοῦ
2486 5400 2543 5466 ἐξ
2568 5401 2905 5473 ἀμφοτέρων
2935 5405 3320 5476 ἐκπορεύεται,
3355 5409 3402 5459 sl
3421 5410 3524 5459 καὶ

1937 5489 1965 5540 6
1987 5480 2182 5559 Πατὴρ
2208 5488 2368 5543 τοῦτο
2399 5491 2600 5545 δέδωκε
2633 5495 2710 5564 τῷ
2739 5495 2876 5565 Υίῴ,
2908 5496 2976 5549 ἶν’
2997 5497 3185 5566 ὥσπερ
3211 5499 3271 5564 ἐξ
3294 5500 3519 5564 ἑαυτοῦ,

1937 5577 2084 5630 οῦῑω
2121 5579 2217 5631 καὶ
2249 5581 2308 5646 ἐξ
2360 5582 2574 5635 ἐκείνου
2602 5584 3001 5655 ἐκπορεύηται.
3037 5589 3172 5638 Ούᾶε
3205 5590 3316 5658 γὰρ
3350 5588 3515 5642 δυνα-

1939 5671 2079 5740 μεθα
2103 5670 2305 5738 λέγειν,
2341 5672 2417 5743 μὴ
2449 5669 2589 5727 εἶναι
2624 5665 2771 5746 ζωὴν
2813 5678 2876 5730 τὸ
2923 5678 3146 5749 Πνεῦμα
3196 5681 3258 5732 τὸ
3300 5681 3458 5749 ἅγιον
3494 5697 3515 5715 ο

1945 5762 2070 5816 ἐπεὶ
2105 5763 2199 5816 καὶ
2227 5763 2254 5816 6
2277 5763 2464 5835 Πατὴρ
2490 5766 2606 5837 ζωή
2637 5769 2922 5824 Mar/4.16
2952 5771 3094 5837 Υἱς.
3119 5775 3219 5829 Καὶ
3249 5775 3334 5831 6.11
3355 5792 3520 5831 toi-.6
