3992 6210
300 305 321 364 l
334 302 434 364 1ῧῖ

1258 301 1357 364 DE
1391 294 1914 363 PROCESSIONE
1952 298 2313 362 SPlRlTUS
2357 302 2643 365 SANCTI.

3428 309 3565 375 1158

298 416 703 489 glorttiraturus
739 413 882 468 :hoc
922 430 1077 470 sacer
1113 418 1380 486 psalmus,
1448 421 1549 471 hoc
1593 419 1709 486 ipse
1752 417 1884 473 Uui-
1916 428 1958 481 Α
1999 428 2353 484 putaverunt,
2387 422 2562 473 minor
2583 430 2665 474 est
2691 417 2827 472 Filio
2862 418 3098 489 Spiritus
3129 434 3352 481 sant-tus
3380 442 3395 492 ;
3428 444 3563 498 qua.

296 511 516 576 genitus
546 508 799 577 promisit
822 507 1091 575 futurum,
1122 511 1265 577 quod
1291 511 1542 564 videmus
1568 511 1872 578 impletum.

303 603 459 665 Quod
487 610 671 653 autern
696 602 773 654 ait
801 600 933 655 :tDe
959 616 1080 654 meo
1110 602 1358 669 accipiet,
1389 612 1441 654 et
1470 580 1871 665 annnuliabit,»

304 690 591 744 catholicis
625 690 812 744 audite
832 690 1086 753 auribus,
1111 689 1404 743 catholicis
1434 690 1695 758 percipite
1728 706 1881 742 tuen-

310 781 476 836 tibus.
509 778 628 833 Non
663 782 811 834 enim
834 788 1145 851 propterea,
1179 782 1322 835 sicut
1353 781 1577 850 quidam
1637 783 1879 838 lateretici

305 940 415 1011 γὰρ
445 940 636 1012 ὥσπερ
673 940 817 1002 τινὲς
867 938 1130 1008 ᾠήθησαν
1162 940 1273 991 τῶν
1305 938 1626 1006 αἱρετικῶν,
1659 938 1884 991 ἔλαττόν

300 1033 428 1085 ἐστι
452 1034 544 1085 τοῦ
585 1032 714 1084 Υίοῦ
738 1033 798 1084 τὸ
824 1031 1055 1101 Πνεῦμα
1102 1030 1164 1084 τὸ
1191 1029 1350 1097 ἅγιον
1374 1047 1385 1059 ·
1422 1031 1498 1093 ὡς
1532 1032 1599 1083 ἂν
1654 1031 1749 1085 τοῦ
1783 1033 1883 1100 μὲν

314 1125 445 1179 Υῖοῦ
482 1125 854 1196 λαμίάνοντος
895 1123 1052 1194 παρά
1078 1123 1173 1176 τοῦ
1206 1121 1446 1193 Πατρὸς,
1472 1120 1567 1174 τοῦ
1611 1122 1669 1174 δὲ
1719 1122 1880 1190 ἀγίου

1989 515 2035 562 si
2064 509 2233 564 Filius
2271 511 2508 582 accipiat
2565 528 2593 564 ιι
2644 513 2824 575 Patre,
2883 522 2937 564 et
2990 514 3226 583 Spiritus
3280 531 3504 576 sanctus
3538 542 3565 574 ιι

1989 601 2127 655 Filio
2157 603 2483 669 quihusdam
2531 604 2794 673 gradibus
2827 613 3175 660 naturaruzu.
3238 610 3396 663 Absit
3465 614 3567 667 hoc

1987 679 2211 745 credere
2239 693 2251 744 ι
2283 694 2421 746 absit
2455 694 2557 747 hoc
2580 693 2805 749 dicere!
2840 692 2983 748 absit
3018 712 3046 749 a
3076 695 3405 755 Christianis
3444 718 3569 756 cor-

1986 782 2150 838 dibus
2180 783 2423 853 cogitare
2451 785 2465 837 ι

2004 938 2328 1010 Πνεύματος
2375 945 2528 1013 παρὰ
2575 944 2667 997 τοῦ
2724 944 2855 999 Υἰοῦ
2888 944 3115 1015 βαθμοῖς
3150 963 3260 1000 τισι
3323 948 3564 1017 φύσεων.

2010 1033 2208 1102 Ἀπείη
2237 1037 2395 1088 τοῦτο
2435 1039 2734 1103 πιστεύειν,
2772 1040 2940 1105 ἀπείη
2967 1040 3129 1093 τοῦτο
3160 1040 3363 1110 λέγειν,
3396 1045 3561 1116 ἀπείη

1991 1127 2343 1199 Χριστιανῶν
2376 1128 2625 1199 καρδίαις
2658 1130 2832 1184 ταῦτα
2853 1131 3204 1200 λογίζεσθαιῑ

379 1378 728 1441 Prtetcrlnec
768 1383 1080 1440 testimonia
1110 1386 1415 1441 certissima
1451 1387 1627 1441 sancti
1687 1385 2001 1455 Augustini,
2055 1389 2451 1457 placetaddere
2496 1393 2658 1447 etiam
2718 1393 3095 1449 testimonium
3154 1410 3184 1448 a
3226 1399 3566 1453 nostratibus

307 1490 526 1546 quoque
553 1473 869 1528 tnGr:ecum
895 1488 1220 1528 conversum
1255 1489 1321 1527 ex
1344 1474 1508 1538 libro,
1533 1477 1624 1543 qui
1655 1474 1727 1528 De
1758 1476 2057 1543 cognitione
2088 1494 2221 1530 vera’
2262 1482 2383 1533 vita:
2432 1481 2757 1535 inscribitur
2809 1496 2934 1550 cap.
2992 1480 3079 1544 10,
3134 1492 3268 1538 tom.
3304 1483 3371 1537 IX
3406 1501 3421 1548 ;
3470 1485 3563 1554 qui

304 1565 473 1625 iiber,
497 1561 752 1629 quamvis
784 1575 891 1612 non
935 1562 1004 1613 sit
1030 1569 1243 1613 certum
1270 1576 1394 1615 esse
1426 1562 1736 1629 Augustini,
1772 1563 1916 1631 quod
1957 1579 2061 1616 non
2100 1568 2405 1634 reperiatur
2438 1570 2491 1621 in
2540 1567 3054 1635 Retractationibns,
3089 1586 3264 1639 neque
3320 1575 3371 1625 in
3422 1573 3565 1627 Indi-

308 1648 434 1702 culo
458 1645 726 1707 Possidii,
755 1653 808 1700 et
839 1646 1075 1716 theologi
1110 1647 1484 1702 Lovanienses
1521 1660 1719 1713 negent
1744 1663 1805 1701 ex
1842 1651 2022 1717 phrasi
2052 1653 2201 1704 illutu
2238 1670 2358 1709 ess.-
2385 1657 2699 1719 Augustiui,
2731 1656 3099 1712 liellurmiuus
3131 1670 3314 1712 tamen
3345 1661 3397 1713 iu
3425 1662 3566 1714 libro

310 1736 387 1790 De
415 1735 759 1804 scriptoribus
787 1734 1180 1803 ecclesiasticis,
1210 1737 1277 1791 de
1308 1737 1592 1806 opusculis
1640 1737 1911 1806 ejusmodi
1964 1754 2085 1805 qua:
2145 1750 2276 1793 sunt
2349 1742 2400 1794 in
2446 1751 2591 1794 tutuo
2630 1741 2698 1793 IX
2770 1743 3086 1813 Augustini,
3141 1756 3421 1812 censui-at,
3468 1762 3567 1801 nec

300 1837 470 1894 posse
492 1832 644 1877 certo
673 1833 922 1877 astruere
957 1837 1055 1879 eos
1087 1839 1209 1879 esse
1236 1825 1547 1895 Augustini,
1586 1840 1709 1878 eum
1739 1826 2196 1892 diligentissimus
2250 1830 2515 1882 collector
2544 1828 2830 1884 Possidius
2860 1846 2955 1884 eos
2996 1833 3339 1899 prmtcricrit,
3390 1850 3566 1901 neque

311 1915 662 1968 inveniantur
686 1927 717 1966 a
743 1911 888 1968 Beda
914 1912 1093 1981 citari,
1123 1914 1215 1982 qui
1239 1929 1303 1968 ex
1334 1914 1591 1984 operibus
1619 1911 1913 1983 Augustini
1979 1914 2385 1967 Comtueutaria
2426 1915 2479 1969 in
2522 1916 2795 1985 Epistolas
2850 1916 2995 1972 beati
3066 1916 3220 1972 Pauli
3285 1920 3517 1973 confecit
3545 1929 3563 1977 ς

312 2015 484 2071 neque
506 2000 703 2055 audere
734 2001 1025 2072 plerosque
1048 2001 1247 2055 borum
1281 2002 1548 2056 librorum
1588 2015 1787 2071 negare
1807 2016 1935 2056 esse
1958 2001 2270 2070 Augustini,
2295 2018 2420 2055 eum
2455 2004 2527 2070 pii
2558 2004 2669 2057 sint
2690 2012 2742 2057 et
2776 2004 2947 2069 docti,
2988 2015 3042 2065 et
3081 2006 3375 2073 Augustini
3408 2007 3564 2075 iuge-

312 2089 403 2142 nio
431 2102 542 2142 non
575 2087 808 2158 indigni.
847 2087 939 2142 Sic
966 2088 1132 2157 igitur
1158 2098 1348 2143 auctor
1376 2089 1694 2159 quicunque
1725 2087 1819 2152 sit,
1848 2090 2069 2145 disserit
2098 2089 2163 2144 de
2212 2087 2480 2144 'l‘rinitate
2505 2091 2559 2145 in
2618 2107 2684 2147 eo
2724 2092 2887 2159 libro,
2918 2092 2973 2145 in
3027 2109 3153 2160 quo,
3191 2104 3453 2162 tauquam
3510 2098 3564 2149 in

315 2176 560 2245 Dialogo,
590 2171 820 2230 Fratres
846 2174 1218 2243 interrogant,
1256 2174 1517 2245 Magister
1549 2177 1869 2244 respondet.

755 2329 895 2400 Cap.
936 2329 1026 2395 10,
1067 2346 1130 2383 ac
1152 2329 1444 2399 deinceps:

382 2446 632 2502 Fratres.
658 2445 768 2503 Sed
796 2447 924 2517 ‘quia
952 2446 1175 2517 pondus
1195 2448 1383 2502 carnis
1430 2448 1670 2502 animum
1697 2463 1887 2517 aggra-

314 2548 427 2607 vat,
455 2556 582 2595 ecce
602 2540 802 2595 iterum
832 2540 1076 2594 carnalis
1107 2540 1371 2610 cogitatio
1406 2551 1640 2594 mentem
1700 2540 1888 2594 divina

314 2633 773 2703 contemplantem
810 2633 1012 2697 pulsat.
1042 2632 1179 2687 Cum
1214 2632 1359 2685 enim
1428 2631 1686 2700 superius
1748 2632 1889 2684 ratio

316 2740 485 2780 unum
530 2724 699 2777 Deum
729 2722 1017 2777 verissime
1040 2736 1161 2776 esse
1195 2720 1674 2779 demoustraverit,
1706 2727 1762 2773 et
1794 2721 1882 2785 ip-

318 2831 441 2872 sum
474 2816 652 2869 solum
690 2824 890 2867 cuncta
943 2827 1012 2867 ex
1071 2813 1246 2865 nihilo
1299 2811 1495 2865 iecisse
1548 2810 1895 2879 probaverit,

317 2911 596 2978 quomodo
626 2906 786 2976 quasi
819 2918 928 2960 tres
965 2906 1098 2959 deos
1126 2902 1358 2959 adorare
1421 2904 1708 2967 docemur,
1761 2904 1889 2956 dum

316 3002 536 3055 Patrem
565 2999 869 3070 perlectum
908 2999 1104 3061 Dehtn,
1131 2995 1332 3050 Filium
1359 2996 1661 3066 perfectum
1693 2993 1889 3069 Deum,

318 3092 582 3162 Spiritum
618 3097 868 3145 sanctum
904 3087 1206 3158 perfectum
1236 3087 1401 3142 Deum
1422 3086 1670 3141 conﬁteri
1707 3100 1894 3139 mone-

318 3182 484 3235 mur?
516 3182 652 3235 Dum
685 3179 831 3234 enim
867 3178 1245 3233 subdistincta:
1283 3188 1393 3233 tres
1421 3192 1671 3248 personae
1699 3178 1895 3231 distin-

316 3283 580 3344 guuntur,
622 3269 754 3340 quid
794 3270 944 3325 aliud
977 3284 1141 3340 quam
1183 3277 1295 3324 tres
1317 3269 1394 3324 dii
1428 3284 1457 3322 a
1494 3268 1653 3323 nobis
1695 3266 1894 3322 intelli-

313 3362 564 3436 guntur?

387 3434 667 3526 Magister.
719 3456 780 3509 lu
831 3454 951 3524 ipsa
985 3452 1223 3509 veritate
1281 3467 1339 3506 se
1370 3450 1806 3512 demonstrante,
1840 3456 1895 3503 et

315 3549 531 3602 ratione
561 3548 846 3616 probante,
889 3545 1057 3601 citius
1113 3543 1367 3599 videbitis
1422 3541 1797 3597 necessariam
1837 3542 1892 3595 in

316 3656 425 3693 una
458 3639 694 3694 essentia
720 3653 1077 3708 personarum
1102 3634 1446 3699 Trinitatem,
1484 3638 1612 3689 item
1656 3626 1895 3703 per'om-

1860 2348 1863 2351 ‘
1922 2370 1962 2425 Β
1995 2333 2268 2403 loquerer,
2329 2336 2458 2405 quia
2510 2351 2616 2389 non
2676 2345 2926 2406 poteram
2982 2338 3223 2410 proprie,
3278 2336 3406 2407 quid
3453 2338 3566 2392 disi

1990 2428 2285 2482 essentiam
2313 2428 2403 2483 Dei
2437 2428 2597 2484 esse?

2063 2519 2302 2573 Fratres.
2341 2520 2564 2574 Lucem.

2063 2610 2342 2680 Magister.
2381 2612 2451 2667 De
2482 2613 2601 2667 luce
2626 2611 2755 2682 quid
2792 2610 3072 2682 gignitur?

2061 2701 2310 2759 Fratres.
2351 2704 2644 2776 Splendor.
2950 2708 2977 2735 ⁹

2068 2798 2341 2869 Magister.
2373 2804 2515 2870 Quid
2549 2805 2603 2859 in
2641 2805 2763 2862 luce
2818 2814 2873 2862 et
2901 2806 3198 2878 splendore
3242 2805 3407 2863 simul
3435 2820 3570 2862 con-

1993 2897 2305 2955 sideratur?

2064 2992 2307 3047 Fratres.
2335 2991 2518 3047 Calor.

2067 3084 2345 3154 Magister.
2388 3086 2522 3139 Num
2551 3086 2604 3140 in
2638 3086 2946 3143 substantia
2971 3086 3134 3155 lucis,
3162 3088 3471 3160 splendoris
3514 3100 3571 3147 et

1994 3178 2195 3230 caloris
2231 3177 2504 3230 invenitur
2537 3178 2875 3233 diversitas?

2068 3266 2309 3321 Fratres.
2335 3269 2473 3333 Non,
2510 3270 2606 3324 sed
2640 3270 2927 3324 identitas.

2064 3363 2337 3430 Magister.
2375 3360 2514 3413 Num
2547 3362 2600 3415 in
2624 3363 2930 3427 vocabulis,
2968 3361 3053 3416 vel
3088 3352 3571 3433 olliciis'prtediea-

1995 3461 2084 3504 tttr
2122 3451 2376 3505 identitas
2407 3452 2430 3505 ?

2068 3541 2310 3597 Fratres.
2342 3542 2586 3609 Minime,
2619 3542 2711 3597 sed
2736 3541 3029 3597 diversitas
3057 3559 3072 3607 ;
3108 3557 3235 3597 nam
3295 3544 3436 3599 lucis
3483 3562 3575 3599 vu-

1996 3636 2251 3690 cabulum
2282 3638 2455 3705 ipsam
2483 3635 2872 3697 subatantiam,
2900 3635 3213 3703 splendoris
3243 3637 3569 3690 vocabulum

308 3731 402 3783 uia
441 3732 803 3784 necessariam
844 3729 1020 3783 tribus
1043 3725 1609 3798 personisindividuae
1628 3726 1887 3779 substan-
1918 3706 1963 3768 ο
1995 3730 2133 3785 lucis
2154 3729 2407 3799 gratiam,
2441 3727 2640 3781 caloris
2674 3741 2804 3782 vero
2836 3726 3166 3781 vocabulum
3224 3728 3437 3782 videtur
3467 3743 3571 3782 ex-

311 3822 403 3875 tiat
423 3821 709 3875 unitatem.
742 3821 876 3873 (lum
903 3819 1016 3889 jam
1047 3818 1302 3887 superius
1324 3816 1668 3885 aanigtuatice
1702 3815 1770 3869 de
1821 3828 1890 3869 eo

326 3998 776 4077 Ἀποκοπὴ-εττε
802 3997 1183 4077 ἀπόσπασμα
1221 4016 1299 4077 eis
1338 3990 1451 4077 ςοῇ
1474 3991 1724 4077 ,ϐιὸρίου
1752 3990 1889 4077 ⁹τος)

360 4072 518 4137 περὶ
586 4060 697 4138 τ’ῆς
735 4069 1016 4136 γνώσεως
1047 4060 1159 4138 τῆς
1201 4065 1489 4138 ἀληθοῦς⁸
1518 4060 1691 4138 ζωῆς,
1740 4060 1811 4138 ἐν
1842 4060 1891 4127 ᾦ

382 4131 553 4205 ὡς’ἐν
586 4131 847 4208 etiam.
883 4131 1145 4207 ἐρωίτῶοίι
1177 4131 1382 4206 μὲνόὶ
1418 4133 1697 4200 ἀδελφοὶ,
1737 4131 1889 4184 ἀπο-

382 4212 650 4278 κρίνεται
675 4209 743 4262 δὲ
769 4212 802 4263 ό
827 4208 1226 4272 διδάσκαλος.

394 4364 699 4433 Ἀδελφοί.
733 4361 879 4417 Ἀλλ’
905 4362 989 4415 ὅτι
1018 4360 1080 4414 τὸ
1110 4361 1211 4428 τῆς
1250 4357 1455 4429 σαρκὸς
1488 4351 1654 4427 βάρος
1708 4354 1888 4418 πιέζει

312 4459 414 4527 τὴν
471 4457 677 4525 ψυχὴν,
710 4453 907 4523 ἀμέλει
953 4456 1047 4505 καὶ
1102 4454 1131 4505 ὁ
1183 4450 1445 4521 σαρκικὸς
1497 4448 1757 4516 λογισμὸς
1788 4449 1890 4518 τὴν

316 4550 522 4617 θεωρὸν
561 4549 672 4599 τῶν
705 4548 865 4599 θείων
897 4546 1135 4600 διάνοιαν
1183 4544 1412 4613 ἐνοχλεῖ.
1450 4542 1736 4609 Ἀνωτέρω
1789 4540 1891 4607 μὲν

313 4643 343 4691 ὁ
375 4640 465 4701 σὸς
504 4638 661 4706 λόγος
722 4637 817 4690 ἕνα
873 4638 1007 4689 Θεὸν
1067 4634 1356 4697 ἀπέδειξεν
1389 4632 1758 4701 ἀληθέστατα,
1796 4630 1892 4683 καὶ

315 4730 478 4782 αὑτὸν
511 4732 671 4796 μόνον
717 4730 1064 4798 παρέστησεν
1111 4730 1176 4780 ὲκ
1209 4726 1306 4779 τοῦ
1365 4725 1442 4795 μὴ
1504 4723 1660 4786 ὄντος
1712 4723 1889 4776 πάντα

316 4823 688 4890 παραγαγεῖν,
720 4820 857 4892 ἀλλὰ
914 4821 1010 4872 νῦν
1045 4819 1208 4872 πάλιν
1240 4820 1393 4887 τρεῖς
1432 4817 1588 4877 θεοὺς
1642 4830 1887 4885 προσκυ·

315 4916 429 4965 νεῖν
464 4914 613 4982 ἡμᾶς
644 4913 790 4964 εῖποι
838 4930 921 4975 τις
972 4910 1061 4974 ἂν,
1121 4908 1465 4972 διδάσκοντός
1519 4923 1637 4971 σου,
1680 4907 1890 4958 τέλειον

316 5006 449 5059 Θεὸν
478 5006 572 5057 τὸν
626 5004 867 5074 Πατέρα,
899 5004 1106 5055 τέλειον
1156 5001 1290 5055 Θεὸν
1347 5002 1440 5053 τὸν
1480 5000 1631 5066 Υἱὸν,
1683 4998 1890 5050 τέλειον

1995 3823 2233 3893 primere
2265 3823 2406 3877 lucis
2432 3820 2750 3877 efﬁcaciam.

1992 3999 2321 4070 διελεγόμην
2350 4000 2480 4071 περὶ
2506 3997 2646 4052 Θεοῦ
2692 3997 2764 4051 δι’
2817 3995 3169 4067 αἰνίγματος,
3203 3996 3329 4050 ἐπεὶ
3363 3996 3570 4067 κυρίως

1990 4091 2089 4161 οὐχ
2116 4086 2229 4154 οἷός
2254 4108 2313 4144 τε
2341 4086 2433 4162 ἦν,
2462 4091 2516 4144 τί
2541 4106 2674 4143 ποτε
2712 4089 2813 4161 τὴν
2858 4088 3054 4142 οὐσίαν
3090 4087 3231 4159 ἔφην
3260 4087 3356 4141 τοῦ
3408 4088 3566 4153 Θεοῦ,

1991 4181 2044 4233 εί
2081 4183 2411 4253 μέμνησθες

2078 4273 2271 4329 Ἀδελ.
2324 4275 2474 4349 Φῶς.

2061 4368 2184 4423 Διδ.
2235 4370 2333 4422 Ἐκ
2363 4366 2457 4421 τοῦ
2491 4366 2669 4435 φωτὸς
2694 4366 2747 4419 τί
2771 4367 3065 4436 γεννᾶταις

2076 4462 2273 4516 Ἀδελ.
2330 4462 2384 4512 Ἀ
2397 4446 2725 4529 παύγασμα.

2062 4554 2188 4609 Διδ.
2214 4554 2279 4605 Ἰ’ί
2307 4555 2363 4606 δὲ
2395 4553 2556 4605 πᾶλιν
2587 4555 2643 4603 ἐν
2666 4553 2742 4623 τῷ
2768 4553 2906 4620 φωτὶ
2943 4555 3035 4605 καὶ
3062 4553 3135 4623 τῷ
3164 4554 3566 4621 ἀπαυγάσματι

1993 4645 2189 4705 κοινῶς
2217 4644 2506 4711 θεωρεῖται
2531 4658 2546 4707 ;

2078 4734 2270 4788 Ἀδελ.
2305 4734 2518 4802 Θέρμη.

2063 4826 2183 4880 Διδ.
2227 4827 2317 4896 Μὴ
2354 4828 2533 4878 τοίνυν
2588 4830 2643 4877 ἐν
2678 4828 2745 4897 τῇ
2802 4825 2895 4878 τοῦ
2936 4826 3139 4892 φωτὸς,
3176 4828 3271 4881 τοῦ
3306 4831 3565 4898 ἀπαυγά-

1993 4936 2223 4989 σματος,
2259 4922 2355 4986 τῆς
2402 4920 2613 4989 θέρμης
2651 4921 2811 4990 οὐσίᾳ
2844 4920 2965 4972 ἐστί
2998 4938 3082 4984 τις
3121 4922 3387 4989 διαφορά;

2079 5010 2274 5064 Ἀδελ.
2314 5009 2604 5080 Οὐδαμῶς,
2636 5010 2772 5063 ἀλλά
2802 5012 3003 5079 μᾶλλον
3038 5015 3328 5081 ταυτότης.

314 5097 450 5150 Θεὸν
474 5097 536 5151 τὸ
572 5071 797 5166 Πνεῦμα
824 5096 885 5148 τὸ
917 5094 1073 5164 ἅγιον
1102 5095 1213 5147 δεῖν
1245 5094 1552 5163 ὁμολογεῖν.
1578 5092 1748 5145 Ὀταν
1783 5093 1889 5161 γὰρ
1923 5071 1970 5129 ί)
2069 5101 2195 5155 Λιδ,
2252 5100 2392 5154 Ἀ)λ’
2424 5071 2531 5171 ἄρα
2677 5104 2709 5172 η
2737 5071 2876 5174 αὑτὴ
2912 5107 3004 5154 καὶ
3038 5106 3151 5166 τοῖς
3184 5071 3440 5175 ὀνόμασι,
3474 5121 3506 5155 κ
3544 5105 3567 5157 ὶ

314 5190 444 5258 τρία
471 5191 749 5258 πρόσωπά
780 5206 865 5252 τις
899 5189 1140 5258 ὁμολογῇ
1180 5188 1602 5257 διακεκριμένα,
1636 5185 1822 5256 ἓτερον
1856 5185 1889 5254 ἢ

314 5286 467 5354 τρεῖς
511 5286 665 5345 θεοὺς
695 5285 1182 5350 ἀναγκασθήσεται
1212 5283 1429 5341 πάντως
1470 5279 1780 5347 ὁμολογεῖν.

386 5377 787 5441 Διδάσκαλος.
816 5378 997 5445 Αὐτῆς
1052 5375 1149 5443 τῆς
1200 5374 1465 5443 ἀληθείας
1510 5372 1710 5441 ἑαυτὴν
1743 5371 1892 5422 δεικ-

315 5472 504 5537 νιζσης.
547 5473 641 5524 καὶ
672 5469 767 5523 τοῦ
792 5471 953 5523 λόγου
984 5464 1798 5537 συνεπιψηφιζομένου,δψεσθε
1835 5462 1893 5527 ἐξ

312 5569 560 5637 ἀνάγκης
595 5568 652 5619 ἐν
694 5567 794 5637 μιᾷ
832 5564 989 5634 οὐσία
1018 5562 1225 5634 Τριάδα
1249 5560 1579 5631 προσώπων,
1606 5561 1698 5611 καὶ
1722 5560 1887 5612 πάλιν

313 5666 379 5717 ἀν
405 5663 644 5730 ἀγκαίαν
671 5662 758 5715 διὰ
777 5659 997 5712 πάντων
1022 5661 1077 5711 ὲν
1098 5661 1211 5720 τοῖς
1236 5656 1385 5726 τρισὶ
1411 5649 1598 5719 προσώ
1614 5667 1727 5712 ποις
1760 5655 1889 5722 μίαν

316 5758 627 5827 ἀδιαιρέτου
672 5755 858 5818 οὐσίας
920 5752 1172 5822 ἑνότητα.
1206 5750 1337 5804 Ὅτε
1384 5748 1563 5802 τοίνυν
1618 5745 1881 5809 ἀνωτέρω

1994 5200 2113 5256 διαί,
2151 5194 2454 5262 ἐνεργείαις
2481 5194 2769 5262 θεωρεῖται
2800 5194 3103 5261 ταυτότης;

2076 5286 2272 5343 Ἀδελ.
2303 5285 2589 5353 Οὐδαμῶς,
2618 5284 2754 5338 ἀλλά
2788 5284 2993 5353 μᾶλλον
3050 5284 3286 5352 διαφορά
3317 5298 3331 5313 ⁶
3374 5284 3435 5335 τὸ
3467 5285 3567 5353 μὲν

1995 5383 2102 5449 γὰρ
2137 5381 2231 5431 τοῦ
2268 5381 2444 5447 φωτὸς
2469 5376 2642 5447 ὄνομα
2678 5376 2848 5446 αὐτὴν
2876 5376 2975 5446 τὴν
3017 5375 3230 5437 οὐσίαν,
3267 5374 3326 5426 τὸ
3374 5375 3431 5426 δὲ
3472 5378 3565 5428 τοι)

1994 5475 2432 5542 ἀπαι-γάσματος
2482 5472 2581 5542 τὴν
2634 5471 2727 5523 τοῦ
2773 5470 2950 5540 φωτὸς
3005 5469 3189 5538 χάριν,
3243 5469 3304 5519 τὸ
3364 5468 3418 5520 δὲ
3468 5468 3565 5534 τῆς

1997 5568 2207 5636 θέρμης
2233 5567 2328 5634 τὴν
2351 5564 2445 5615 τοῦ
2473 5563 2647 5631 φωτὸς
2678 5563 2773 5616 καὶ
2794 5560 2886 5614 τοῦ
2915 5560 3351 5629 ἀπαυγάσματος
3374 5559 3567 5629 δρᾶσιν

1997 5661 2219 5728 ὲκξαίνε
2232 5676 2279 5711 ιν
2318 5657 2483 5710 δοκεῖ.
