3992 6210
402 221 537 284 Ῑίῗῗῖ

1367 221 1859 296 COMPARATIO
1901 224 2186 288 HIEMIS
2225 227 2323 288 ET
2358 227 2616 288 VERIS.

3504 210 3648 277 ιιπ

398 331 796 394 καθεστηκέναι
853 330 949 392 τὰς
986 329 1135 400 ὥρας
1185 332 1451 402 ἑκατέρας
1495 334 1885 406 ἀποδιδομένης
1907 338 1972 405 τῇ
2009 343 2049 396 Α
2080 339 2292 408 χρόνος.
2316 339 2406 408 Τῷ
2436 339 2492 391 δὲ
2547 334 2847 389 διαλείπειν
2898 332 2992 386 καὶ
3028 326 3382 399 παραχωρεῖν
3445 323 3638 392 ἑτέραν

398 423 694 491 προςφόρῳ
744 423 954 489 κινήσει
979 435 994 451 ⁸
1019 425 1113 477 καί⁵
1169 421 1276 492 γὰρ
1307 425 1406 477 οὐκ
1438 423 1638 478 ἄτοπον
1692 425 1828 496 πρὸς
1868 426 1968 495 τῆς

399 511 656 575 ἀληθείας
684 513 854 578 αύτῆς
875 513 971 564 καὶ
997 512 1104 565 τῶν
1133 511 1307 580 λόγων
1330 515 1428 580 τῆς
1462 514 1705 584 ἰσότητος
1734 515 1967 586 ἔκφυλον

398 606 490 659 δύο
518 610 612 668 τας
635 608 876 674 κινήσεις
900 606 1178 673 λέγοντας,
1211 607 1478 677 τέτταρας
1533 607 1831 662 ὑποθέσθαι
1867 611 1965 674 τὰς

400 699 570 762 ὧρας,
627 699 719 750 καὶ
777 697 1122 768 παρενείρειν
1175 699 1402 767 χειμῶνι
1436 697 1534 767 μὲν
1580 699 1700 769 ἔαρ,
1737 700 1881 771 θέρει
1911 703 1966 753 δὲ

401 790 564 842 πάλιν
596 788 746 857 ὥραν
774 789 988 858 ἑτέραν,
1017 788 1203 856 ὥσπερ
1231 788 1296 840 ἂν
1323 792 1371 841 εἰ
1395 790 1546 860 παρα
1574 791 1732 843 τοῦτο
1765 792 1968 861 μείζων

401 883 428 934 6
458 882 702 942 ἐνιαυτὸς
731 880 924 932 ἑαυτοῦ
957 879 1242 947 γίγνεσθαι
1282 880 1487 948 μέλλοι.

489 970 634 1037 Ἐγὼ
665 971 720 1022 δὲ
745 971 808 1040 δή
839 971 933 1022 καὶ
960 969 1101 1024 εἶδον
1142 971 1234 1024 ἐπὶ
1275 971 1485 1041 λιθίνης
1537 975 1742 1036 εἰκόνος
1772 975 1969 1029 κύκλον

399 1065 522 1117 τινὰ
546 1065 933 1132 γεγραμμένον
967 1063 1061 1117 καὶ
1105 1062 1296 1116 τοῦτον
1359 1064 1698 1134 ἑκατέρωθεν
1745 1069 1968 1134 γυναῖκε

402 1155 511 1208 δύω
563 1155 978 1224 πτερυγοφόρω,
1028 1153 1187 1218 δόξαν
1237 1155 1570 1225 παρειχέτην
1632 1159 1752 1218 ταῖς
1811 1159 1968 1228 χερσὶ

403 1245 787 1316 περιστρέφειν
820 1261 834 1277 ·
865 1245 1126 1315 θαῦμαδέ
1159 1245 1302 1315 σχὼν
1325 1247 1422 1314 τῆς
1447 1247 1684 1317 γραφῆς,
1717 1249 1835 1301 ούδέ
1862 1250 1970 1319 γὰρ

401 1337 482 1390 ὅτι
543 1337 789 1406 βούλεται
836 1334 982 1406 εἶχον
1036 1340 1296 1400 συνεῖναι,
1371 1340 1656 1408 ἐπηρόμην
1701 1340 1810 1393 τῶν
1849 1359 1971 1393 τινα

403 1429 819 1499 προσεστώτων,
858 1430 941 1482 ὅτι
961 1430 1023 1499 δή
1059 1447 1190 1482 ποτε
1225 1432 1513 1501 σημαίνειν
1537 1433 1565 1484 6
1594 1434 1972 1502 γεγλυμμένος

405 1519 520 1585 ἅμα
553 1523 662 1571 τοῖν
692 1521 979 1586 γυναίκοιν
1006 1521 1179 1575 ἐθέλει
1203 1523 1414 1592 τροχός.
1439 1525 1548 1577 Καὶ
1585 1524 1642 1587 ὃς
1669 1524 1971 1594 ἐξηγούμε-

404 1627 493 1669 v0;
515 1609 614 1678 τὴν
639 1609 845 1676 εἰκόνα,
884 1613 973 1664 τὸν
1004 1612 1100 1679 μὲν
1131 1613 1332 1666 κύκλον
1359 1615 1620 1682 ἔφασκεν,
1671 1609 1716 1669 ὦ
1772 1617 1968 1682 ἀγαθὲ,

402 1701 494 1753 τὶν
527 1703 773 1756 ἐνιαυτόν
807 1719 897 1771 μοι
921 1705 1139 1772 νοήσας,
1177 1706 1254 1756 τὼ
1303 1706 1359 1757 δὲ
1392 1707 1710 1776 παρεστῶτε
1772 1709 1967 1779 ζῳδίω,

402 1794 502 1855 τας
532 1793 678 1864 ὥρας
707 1811 789 1847 σοι
825 1797 1067 1865 παριστᾷ
1092 1797 1357 1860 τοσαύτας
1399 1798 1565 1862 οὔσας
1607 1800 1699 1853 καὶ
1748 1799 1840 1852 τὸν
1888 1803 1970 1852 ἑν-

409 1887 614 1941 ιαύσςον
640 1890 839 1943 κύκλον
864 1889 922 1954 ἐξ
952 1892 1188 1960 ἀμοιϐῆς
1212 1893 1270 1954 ἐς
1293 1892 1351 1944 16
1399 1892 1644 1959 διηνεκὲς
1697 1891 1970 1944 διατελοῦο

407 1996 490 2030 σιν
522 1981 978 2052 ἑπιτροπεύουσαι
1009 1999 1022 2013 ο
1059 1983 1152 2034 καὶ
1185 1984 1290 2052 γὰρ
1345 1982 1500 2034 ταῦθ’
1533 1983 1676 2035 οὕτω
1719 1984 1833 2045 τοῖς
1885 1998 1970 2033 σο-

405 2071 667 2142 φωτέροις
700 2073 870 2125 ἐδόκει
893 2073 1002 2125 τῶν
1025 2073 1289 2129 παλαιῶν.
1331 2073 1467 2126 Ἀλλ’
1503 2076 1621 2128 ἐπεὶ
1661 2075 1734 2145 μὴ
1764 2074 1970 2144 ἔκφορα

402 2163 471 2216 τά
495 2163 664 2216 πολλὰ
703 2163 812 2216 τῶν
843 2166 942 2234 τῆς
971 2165 1290 2234 φιλοσοφίας
1335 2164 1644 2234 δογμάτων,
1692 2164 1799 2217 οὐδ’
1830 2165 1971 2218 αὐτὰ

403 2256 781 2326 παρεδόθησαν
806 2255 1030 2324 βίϐλοις,
1053 2257 1168 2310 ἀλλ’
1191 2258 1265 2320 ὡς
1294 2259 1348 2310 ἐν
1385 2258 1674 2326 συμϐόλοις
1716 2259 1830 2310 τισὶ
1875 2259 1970 2311 καὶ

402 2341 492 2399 οἷα
517 2347 582 2415 δή
611 2347 675 2398 τὰ
703 2347 810 2399 τῶν
834 2348 1145 2414 Αἰγυπτίων
1180 2349 1304 2416 ἱερὰ
1327 2348 1499 2401 πάλαι
1529 2349 1591 2416 δή
1625 2365 1756 2400 ποτε
1779 2374 1786 2378 -
1813 2348 1969 2414 λόγος

403 2436 516 2505 ἔχει
565 2437 870 2506 γράμματα
924 2438 1229 2504 γεγονέναι,
1289 2437 1750 2506 συγκεκρύραται,
1800 2440 1895 2491 καὶ
1941 2439 1969 2490 6

405 2530 505 2596 μὲν
532 2530 605 2593 ώς
636 2525 761 2583 εἷπε
796 2547 808 2562 ’
850 2531 922 2584 Σὺ
953 2529 1010 2582 δὲ
1051 2531 1166 2582 νυνὶ
1199 2529 1442 2598 σύμϐαλέ
1504 2546 1596 2598 μοι
1644 2531 1744 2599 τὴν
1784 2533 1968 2585 είκόνα

401 2619 480 2688 τῷ
507 2620 651 2690 λόγῳ
685 2637 701 2652 ·
734 2621 837 2676 κᾶν
863 2621 1263 2691 συμϐαίνουσαν
1287 2623 1418 2691 όρᾷς
1441 2620 1585 2673 κατα
1617 2622 1724 2674 πᾶν
1762 2620 1964 2690 ὁτιοῦν,

403 2712 593 2766 πείθου
623 2714 718 2766 καὶ¹
741 2715 986 2782 χειμῶνα
1026 2714 1122 2782 μὲν
1161 2713 1528 2782 ὑφεστηκέναι
1552 2715 1681 2781 περί⁸
1721 2713 1812 2764 τὸν
1840 2713 1969 2782 χρό-

404 2821 511 2863 νον⁹
539 2805 636 2875 ἔαρ
660 2805 717 2858 δέ
746 2804 991 2874 εὔφημον
1021 2804 1193 2866 ἄλ>.ω;
1219 2805 1390 2872 ὄνομα
1420 2804 1817 2874 τεθρυλλήτθαι
1873 2806 1968 2857 καὶ

406 2897 668 2966 κρατήσει
702 2897 802 2948 κάν
826 2896 998 2964 τούτῳ
1024 2895 1188 2948 πάλιν
1217 2899 1279 2948 ἐκ
1314 2896 1511 2948 πολλοῦ
1543 2896 1638 2949 τού
1660 2898 1964 2964 περιόντος,

2069 430 2254 499 ἑτέρᾳ,
2282 431 2376 482 τοῦ
2410 428 2536 498 περὶ
2570 427 2659 479 τὸν
2693 425 2895 492 κόσμον
2926 422 3091 492 ἔχειν.
3117 419 3286 482 αὑτὰς
3319 416 3443 472 καθ’
3470 413 3663 478 αὐτὰς-

2070 519 2388 590 παυομένην
2414 519 2511 588 τήν
2539 518 2756 588 κίνησιν
2787 517 2954 586 ἔχειν,
2987 511 3137 568 πᾶσα
3161 511 3216 566 δὲ
3260 511 3498 581 ἠρεμίαν
3553 506 3630 561 δε-

2070 613 2275 680 χομένη
2314 611 2524 680 κίνησις
2556 611 2656 662 οὐκ
2701 609 2833 662 ἄνευ
2863 606 2958 661 τοῦ
3000 606 3285 672 κατολίγον
3337 602 3640 671 ἀπολήγειν

2070 702 2316 769 γίνεσθαι
2345 701 2560 768 πέφυκε
2595 701 2690 752 καὶ
2706 699 2859 767 ,τοῦτ’
2890 700 2954 752 ἑκ
2983 697 3194 750 πολλῶν
3253 693 3411 765 δῆλον
3466 692 3641 746 καθα-

2072 792 2314 862 ρώτατον
2335 793 2399 860 δὴ
2431 791 2506 853 ώς
2544 790 2638 844 καὶ
2660 789 2871 859 χειμὼν
2894 789 2992 857 οὐχ
3023 788 3098 850 ὡς
3147 787 3370 856 ἑτέρως,
3422 783 3538 836 ἀλλ’
3565 782 3641 844 ώς

2069 879 2186 952 ῶρα
2218 886 2317 952 τῆς
2344 883 2612 952 κινήσεως
2648 883 2931 952 στήσεται,
2985 881 3077 933 καὶ
3133 879 3286 941 τέλος
3342 877 3501 930 ἔσται
3548 876 3654 928 τὸν·

2069 972 2227 1040 λόγον
2260 971 2447 1025 τοῦτον
2475 973 2742 1044 χειμῶνος
2766 973 2828 1024 16
2877 971 2976 1043 ἔαρ
3011 971 3105 1025 καὶ
3157 969 3362 1040 χειμὼν
3406 968 3641 1035 ἐπικρα-

2069 1065 2325 1133 τέστερος
2359 1065 2534 1134 ἔαρος.
2561 1067 2632 1118 Ἦ
2663 1064 2762 1134 οὐχ
2788 1065 2917 1133 όρᾷς
2959 1063 3033 1124 ὡς
3058 1063 3151 1114 καὶ
3199 1061 3333 1129 πρὸς
3371 1058 3480 1112 τῶν
3524 1057 3642 1110 6V0-

2073 1162 2560 1231 ματοθετησάντων
2599 1161 2780 1228 ὀλίγου
2825 1160 2932 1214 δεῖν
2991 1159 3100 1212 οὐδ’
3146 1159 3409 1226 ὀνόματος
3455 1156 3643 1225 τυχεῖν

2069 1251 2129 1304 16
2151 1252 2245 1319 ἑαρ
2281 1253 2516 1323 ἐμέλησε
2552 1268 2568 1320 ;
2605 1253 2730 1315 Πῶς
2751 1251 2860 1320 γὰρ
2891 1252 3141 1321 χειμῶνι,
3168 1251 3284 1312 πῶς
3312 1250 3460 1319 θέρει
3487 1264 3502 1279 ·
3524 1248 3643 1310 πῶς

2072 1342 2438 1412 φθινοπώρῳ·
2470 1344 2686 1412 ἑκάστῳ
2742 1342 2946 1395 τούτων
2994 1339 3027 1411 ἧ
3087 1339 3290 1409 πλῆθος
3339 1339 3372 1409 ἢ
3420 1337 3656 1398 ἑκτασις

2072 1435 2404 1504 συλλαϐῶνῆ
2439 1433 2745 1502 συμφώνων
2802 1433 2936 1500 γοῦν
2981 1432 3269 1502 ηὑτυχήθη
3315 1429 3600 1500 περιουσία
3622 1443 3653 1459 “
3687 1481 3695 1493 ε

2071 1528 2170 1597 ἔαρ
2195 1528 2252 1579 δὲ
2278 1527 2497 1580 πάντων
2525 1527 2720 1588 ἐνδεές.
2768 1526 2945 1580 Ψιλὸν
2989 1523 3423 1594 συνεληλαμένον
3479 1519 3538 1583 ἐς
3583 1522 3644 1572 16

2076 1618 2409 1690 βραχύτατον
2436 1636 2450 1650 ’
2492 1618 2635 1671 ἔοικε
2670 1619 2775 1685 γάρ
2835 1634 2954 1679 πως
3009 1617 3103 1669 καὶ
3155 1614 3527 1682 ἀπειρημένον
3567 1605 3644 1664 εί-

2073 1729 2161 1765 ναι
2205 1713 2354 1783 παρὰ
2387 1712 2497 1773 τοῖς
2538 1709 2781 1778 ἀρχαίοις
2815 1708 2912 1776 ἔαρ
2951 1704 3381 1775 προσαγορεύειν
3421 1703 3516 1756 καὶ
3551 1702 3642 1755 16v

2073 1801 2171 1872 ἔαρ
2208 1803 2456 1867 εἰπόντα,
2497 1801 2562 1853 ἑα
2602 1800 2697 1852 καὶ
2747 1799 2821 1868 μὴ
2868 1799 3041 1870 φράζε
3093 1795 3335 1866 δηλονότι
3395 1793 3641 1849 ἀκούειν.

2078 1893 2310 1961 Ποιηταὶ
2367 1893 2424 1945 δέ
2477 1893 2572 1944 καὶ
2631 1891 2872 1960 ποιητῶν
2911 1889 3101 1948 παῖδες
3153 1893 3204 1945 οί
3259 1892 3357 1945 καὶ
3410 1886 3657 1956 μάλιστα

2076 1985 2215 2038 θεῶν
2259 1984 2460 2045 εἰδότες
2515 1983 2608 2035 καὶ
2650 1982 2844 2052 βουλὰς
2878 1983 2973 2036 καὶ
3005 1984 3317 2055 ἀπόρρητα,
3373 1982 3468 2034 καὶ
3519 1979 3655 2047 ἐξᾶα

2077 2097 2166 2148 ραι
2205 2076 2352 2130 τοῦτ’
2385 2074 2788 2144 ἠϐουλήθησαν.
2838 2073 2916 2142 Τῇ
2968 2073 3023 2126 δέ
3066 2071 3195 2141 περὶ
3260 2071 3352 2125 τὸν
3399 2069 3656 2137 Ἕλληνισ

2075 2169 2210 2239 σμδν
2243 2167 2570 2236 κηδεμονίας
2605 2149 2700 2218 καὶ
2731 2165 2865 2219 διότι
2893 2165 2956 2236 δὴ
2984 2164 3077 2218 τοῦ
3112 2164 3351 2234 πλήθους
3381 2162 3490 2216 τῶν
3529 2161 3644 2214 ὀνο-

2076 2262 2260 2331 μάτων
2291 2259 2583 2324 ἀπλήστως
2623 2253 2790 2327 ἕχον,
2818 2256 3108 2324 ἐφείσαντο
3151 2255 3270 2325 μὲν,
3321 2256 3554 2322 συνῆγον
3585 2251 3642 2304 δὲ

2072 2357 2128 2417 ἐς
2170 2353 2229 2407 16
2267 2353 2557 2420 ὀλίγιστον,
2595 2346 2668 2418 ἦρ
2732 2350 2792 2404 16
2831 2351 2931 2420 ἔαρ
2981 2351 3429 2422 προσειρηκότες.
3496 2349 3638 2402 ὥστε

2070 2443 2352 2498 λανθάνειν
2380 2442 2521 2494 κατά
2552 2441 2650 2510 τήν
2683 2441 2972 2494 συνέπειαν
3000 2459 3016 2474 ο
3051 2442 3145 2494 καὶ
3192 2440 3268 2512 μὴ
3323 2439 3526 2510 μεταξὺ
3557 2439 3644 2492 λε-

2071 2537 2279 2605 γόντων
2307 2536 2431 2595 τοὺς
2460 2533 2758 2594 ἀκούοντας
2789 2531 3186 2602 δυσχεραίνειν,
3223 2530 3366 2584 οὕτω
3395 2531 3451 2584 δὲ
3485 2533 3644 2601 προῖ-

2071 2630 2184 2683 όντι
2212 2627 2289 2698 τῷ
2315 2627 2459 2697 λόγῳ
2488 2627 2580 2677 καὶ
2608 2625 2799 2693 ἕτερον
2843 2624 3148 2678 ἁνακύπτει
3201 2623 3518 2691 κεφάλαιον,
3573 2621 3660 2674 6'1"

2071 2711 2243 2788 οὗπερ
2265 2717 2362 2786 οὐχ
2389 2716 2469 2769 ὅτι
2499 2714 2678 2786 ἔαρος,
2709 2713 2842 2767 ἀλλὰ
2871 2716 2964 2767 καὶ
2997 2712 3104 2767 τῶν
3135 2711 3308 2767 ἄλλων
3333 2711 3490 2782 ὡρῶν
3519 2713 3657 2765 ἐπιδ

2074 2809 2376 2879 σημότερος
2405 2807 2808 2876 ἀναφανήσεται
2838 2806 2864 2857 6
2887 2804 3112 2874 χειμών.

2138 2901 2316 2971 Τριῶν
2340 2899 2446 2968 γὰρ
2473 2899 2642 2952 όντων
2682 2896 2796 2950 τῶν
2826 2897 2998 2965 γενῶν
3025 2896 3100 2958 ώς
3137 2898 3250 2960 τοῖς
3282 2899 3412 2966 περὶ
3463 2912 3654 2968 γραμδ

405 2986 566 3055 ἔαρος
592 2989 619 3039 ό
639 2985 868 3056 χειμών.
900 2987 1021 3046 Τοῖς
1045 2988 1144 3057 μὲν
1183 2987 1275 3041 οὖν
1302 2989 1460 3056 λόγον
1489 2989 1652 3058 μόνου
1679 2988 1774 3042 τοῦ
1801 2989 1964 3042 καλοῦ
1995 3011 2040 3073 c
2077 2993 2315 3064 ματικὴν
2349 2991 2668 3063 ἐσχολακόσι
2703 2989 3188 3059 ’τετεχνολόγηται,
3244 2987 3340 3041 καὶ
3385 2987 3478 3042 τοῦ
3544 2989 3644 3058 μὲν

405 3079 746 3148 ποιουμένοις
780 3077 921 3132 οὕτω
949 3080 1016 3132 τὰ
1044 3080 1153 3132 τῶν
1192 3078 1352 3150 ὡρῶν
1405 3079 1811 3151 μετρηθήσεται
1874 3081 1968 3134 καὶ

401 3170 545 3222 οὕτω
587 3172 944 3241 ταχθήσεται.
1001 3171 1226 3239 Ἱατρῶν
1280 3173 1338 3222 δὲ
1403 3171 1592 3234 παῖδες
1635 3171 1730 3224 καὶ
1774 3172 1851 3233 είς
1877 3171 1969 3231 οὓς

390 3262 514 3328 -ἐγὼ
542 3263 640 3333 τὴν
669 3264 796 3332 περὶ
825 3265 925 3326 τὰς
951 3263 1098 3333 ῶρας
1127 3263 1386 3332 ἀναφέρω
1407 3263 1776 3331 καινοτομίαν.
1809 3257 1968 3316 Οὗτοι

405 3353 514 3420 γὰρ
567 3342 941 3422 ὲσταμάλιστα
989 3354 1392 3421 νεωτεροποιοὶ,
1463 3356 1554 3406 καὶ
1614 3355 1851 3424 τετραχῆ
1908 3355 1970 3407 16

407 3443 523 3505 ἔτος
549 3443 843 3510 διένειμαν,
879 3446 1150 3513 πρόφασιν
1182 3444 1280 3510 μὲν
1311 3443 1458 3497 6331:-
1483 3444 1623 3514 μέγα
1652 3445 1745 3497 καὶ
1778 3461 1969 3497 κοινω-

407 3534 564 3600 φελὲς
595 3537 720 3602 περὶ
747 3535 838 3587 τον
879 3535 992 3590 ϐίον
1049 3536 1382 3603 εἰσάγοντες,
1435 3534 1732 3604 σοφώτεροι
1783 3535 1839 3588 δὲ
1888 3536 1973 3587 δο-

407 3627 524 3679 κεῖν
550 3625 798 3697 ἑντεῦθεν
826 3626 1062 3692 οἰόμενοι
1101 3624 1176 3694 τῷ
1203 3625 1430 3688 πολλοὺς
1457 3626 1692 3696 ἀπατᾷν,
1730 3625 1826 3677 καὶ
1884 3624 1971 3677 ἵνα

409 3717 544 3770 πολὺ
568 3716 718 3786 σφίσι
751 3716 1027 3792 πορίζοιτο
1056 3717 1118 3767 16
1140 3715 1425 3787 ἀργύριον.
1492 3717 1590 3770 Διά
1643 3717 1816 3770 ταῦτα
1863 3720 1970 3787 γὰρ

407 3811 502 3862 καίΙ
558 3809 618 3862 οὗ
680 3827 810 3878 φασι
835 3811 946 3864 δεῖν
988 3808 1097 3862 τῶν
1139 3810 1318 3862 αὐτῶν
1370 3810 1682 3880 φαρμάκων
1736 3810 1970 3879 ἑκάστης

405 3901 549 3972 ὥρας
571 3901 887 3972 λαμϐάνειν,
917 3902 1150 3975 χρῆσθαι
1173 3903 1228 3955 δέ
1267 3902 1378 3954 δεῖν
1423 3901 1518 3954 νῦν
1573 3901 1672 3970 μὲν
1696 3903 1837 3968 τοῖς,
1877 3901 1971 3955 νῦν

404 3995 460 4046 δὲ
490 3997 620 4060 τοῖς,
648 3994 744 4048 καὶ
767 3995 955 4047 ἄλλοτε
987 3995 1200 4060 ἄλλοις,⁸
1230 3994 1304 4054 ώς
1337 3993 1405 4046 ἂν
1433 3996 1658 4054 ἐκείνοις
1720 3993 1850 4061 δοκῇ
1879 3995 1973 4048 καὶ

403 4083 517 4137 είθε
549 4085 712 4154 μέχρι
741 4084 930 4136 τούτου
954 4083 1016 4135 16
1039 4083 1304 4153 προπετὲς
1331 4082 1565 4152 ἔστησαν
1603 4098 1617 4114 ·
1641 4081 1736 4133 νῦν
1766 4081 1821 4133 δὲ
1854 4080 1973 4132 τολ-

405 4177 667 4245 μῶσικαὶ
690 4177 890 4238 ταύτας
927 4174 1278 4244 ύποδιαιρεῖν.
1325 4173 1606 4242 Λεγόντων
1656 4172 1751 4224 οὖν
1801 4172 1970 4224 ἀκού-

2071 3085 2358 3158 ἀρσενικοῦ
2389 3085 2757 3156 καλουμένου,
2781 3082 2961 3137 τοῦδέ
2985 3081 3256 3152 θηλυκοῦ,
3274 3081 3554 3153 οὐδετέρου
3587 3082 3662 3135 ἱέῖ

2069 3177 2166 3231 τοῦ
2197 3178 2382 3249 τρίτου
2409 3177 2503 3230 καὶ
2527 3175 2862 3238 τελευταίου,
2899 3174 3106 3245 βέλτιον
3137 3174 3235 3245 μὲν
3263 3175 3321 3227 ἐν
3354 3175 3526 3229 ἅπασι
3549 3173 3642 3226 καὶ

2072 3268 2512 3340 προφερέστερον
2533 3267 2624 3320 τοῦ
2657 3264 2894 3335 θηλυκοῦ
2950 3266 3012 3318 16
3041 3265 3365 3336 (ἀρσενικὸν,
3424 3267 3644 3318 κακεῖνο

2073 3361 2236 3415 πάλιν
2266 3357 2359 3411 τοῦ
2391 3359 2696 3430 οὐδετέρου,
2724 3359 2818 3412 καὶ
2852 3357 2993 3411 οὕτω
3016 3358 3079 3427 δὴ
3106 3357 3215 3426 ἀρα
3270 3355 3448 3426 πολλῷ
3474 3357 3647 3424 ὑπερ-

2071 3453 2210 3523 έχων
2237 3453 2330 3509 τοῦ
2362 3452 2550 3522 τρίτου
2580 3451 2640 3505 16
2671 3449 2892 3520 πρῶτον
2927 3465 2942 3480 ο
2974 3449 3035 3501 16
3091 3447 3198 3515 γὰρ
3249 3447 3343 3500 τοῦ
3397 3447 3660 3515 μείζονος·

2076 3544 2278 3615 μεῖζον,
2317 3542 2512 3614 μακρῷ
2538 3527 2747 3611 μεῖζον.
2783 3541 2886 3593 Ἢν
2908 3534 3000 3593 οὖν
3031 3537 3237 3607 χειμὼν
3290 3536 3389 3605 μὲν
3425 3537 3644 3605 ἀρρεν-

2071 3636 2182 3698 κῶς
2208 3633 2563 3706 σχηματίζειν
2583 3632 2739 3697 ἀξίαν
2769 3632 2950 3701 ἔσχεν,
2984 3628 3106 3692 ἔαρι
3137 3626 3191 3680 δὲ
3225 3625 3318 3679 καὶ
3361 3625 3508 3694 θέρει
3547 3625 3658 3678 καὶ-

2075 3727 2377 3800 μετοπώρῳ
2406 3725 2524 3779 ούδέ
2561 3723 2812 3793 θηλυκῶς
2847 3722 3129 3790 ἐξεγένετο
3158 3719 3496 3790 ὠνομάσθαι,
3522 3719 3656 3780 πῶς

2070 3821 2172 3874 οὐκ
2231 3819 2490 3889 ἀθέμιτον
2547 3818 2622 3889 μὴ
2678 3816 2797 3886 οὐχὶ
2865 3811 3460 3886 κρείττονος¹αύτὺνῆ
3504 3809 3660 3863 κατά,

2071 3913 2244 3966 ταῦτα
2268 3911 2436 3981 τιμῆς
2461 3909 2758 3964 ἀπολαύειν
2789 3924 2806 3974 ;
2839 3906 2960 3961 Ἵνα
2993 3895 2997 3900 ’
3026 3907 3135 3978 γάρ
3174 3905 3249 3975 μὴ
3307 3905 3418 3966 τοῖς
3467 3902 3663 3971 χρόνῳ·

2075 4002 2301 4072 ὕστερον
2337 4002 2622 4071 ἐσομένοις
2658 4000 2887 4068 ἐπείπερ
2921 3997 3146 4067 ἔμελλεν
3186 3996 3214 4048 6
3262 3995 3372 4048 τῶν
3433 3991 3646 4062 ἀνθρώ-

2074 4112 2190 4148 πων
2226 4095 2338 4163 βίος
2370 4093 2507 4163 πρὸς
2532 4092 2593 4145 τὸ
2615 4091 3035 4163 τρυφερώτερον
3066 4089 3328 4159 ὑπορρεῖν
3360 4085 3558 4157 χείρων
3589 4100 3664 4138 τι.
3718 4107 3728 4118 ο

2074 4182 2224 4254 παρὰ
2252 4181 2320 4234 τὰ
2346 4182 2508 4236 λοιπὰ
2535 4184 2562 4236 6
2585 4181 2794 4251 χειμὼν
2826 4179 2975 4248 ώρας
3006 4178 3314 4249 ὑποληφθῇ,
3375 4178 3639 4246 ἀρῤενικῇ

404 4285 539 4332 σεις.
581 4271 638 4320 ἐν
666 4269 882 4336 ἀρχαῖς.
915 4266 1227 4326 Μεσοῦντος
1261 4264 1541 4332 φθίνοντος
1563 4263 1747 4333 ἔαρος,
1782 4263 1972 4332 θέρους
2011 4293 2035 4344 ζ
2076 4273 2140 4344 δὴ
2172 4273 2366 4342 κλήσει
2429 4272 2618 4326 τοῦτον
2675 4271 2970 4340 προσεῖπον
3005 4271 3054 4322 οί
3094 4270 3358 4339 πρότερον
3416 4267 3642 4321 ἐκείνων

403 4362 499 4413 καὶ
546 4361 654 4413 τῶν
706 4361 908 4414 λοιπῶν
967 4358 1108 4412 κατά
1154 4375 1274 4409 τινα
1319 4357 1429 4408 τῶν
1473 4356 1642 4409 πάλαι
1682 4356 1973 4425 Ῥωμαίων
2009 4341 2051 4394 D
2078 4364 2154 4432 τῷ
2181 4362 2667 4433 γένειδιῳκικότες
2721 4364 2784 4414 εκ
2823 4363 3120 4432 διαμέτρου
3151 4377 3166 4392 ο
3209 4359 3370 4414 οἱονεί
3411 4376 3465 4411 τι
3519 4375 3645 4411 συν-

405 4453 728 4520 στρατηγόν,
759 4452 818 4504 δν
849 4451 1067 4517 λέγεται
1095 4447 1456 4516 προΐστασθαί
1480 4464 1625 4508 τινος
1658 4447 1844 4509 ἔθνους
1871 4447 1972 4498 λα-

403 4543 585 4610 χόντα,
612 4544 735 4594 ἐπεὶ
759 4542 882 4595 καθ’
913 4541 1162 4610 ἔμμηνον
1214 4540 1354 4606 ἔγνω
1414 4539 1583 4591 πολὺν
1623 4540 1715 4592 τὸν
1766 4539 1982 4609 δασμὸν-

403 4635 884 4704 εἱσπραττόμενος,
923 4635 1049 4696 τοὺς
1085 4632 1176 4686 τοῦ
1223 4633 1378 4690 ἔτους
1447 4634 1623 4702 μῆνας
1664 4632 1759 4684 δύο
1818 4631 1972 4699 παρά

403 4729 537 4780 πᾶσι
566 4725 957 4796 νομιζομένους
985 4727 1081 4779 καὶ
1111 4726 1262 4793 δέκα,
1295 4726 1423 4794 περί
1469 4742 1575 4778 που
1612 4725 1742 4785 τοὺς
1774 4739 1969 4775 τεσσα-

403 4820 732 4896 ρεσκαίδεκα
786 4820 1255 4882 πεπλεονακέναι,
1340 4817 1632 4887 ἐπιθυμία.
1685 4816 1777 4868 τοῦ
1848 4815 1972 4868 ὅσον

401 4913 657 4965 πλεῖστον
686 4909 1158 4981 χρηματίσασθαι,
1195 4909 1312 4964 ἀλλ’
1347 4908 1486 4962 ἔστω
1516 4923 1532 4940 ⁸
1581 4908 1815 4962 δεδῦσθω
1877 4905 1972 4957 καὶ

400 5004 499 5074 ἔαρ
523 5005 601 5065 είς
632 5003 730 5064 τὰς
763 5000 916 5071 ὥρας
940 5000 1361 5072 εἰσγράφεσθαι,
1395 4999 1532 5053 ἀλλὰ
1568 4999 1664 5052 καὶ
1688 4997 1741 5050 εί
1767 5014 1821 5049 τι
1869 4997 1970 5066 χάο

401 5110 517 5162 ριεν
548 5091 650 5143 ὑπὸ
683 5090 791 5143 τῶν
833 5090 1043 5143 πολλῶν
1083 5089 1489 5159 ἀποκληροῦται
1554 5087 1634 5158 τῷ
1677 5086 1824 5154 ἑαρι,
1889 5085 1968 5153 τῷ

400 5183 633 5253 χειμῶνι
661 5181 940 5237 καὶτοῦτο
971 5180 1429 5250 προσλογίζεσθαι
1456 5179 1584 5251 χρὴ,
1646 5175 1732 5233 οἷα
1789 5177 1853 5246 δὴ
1900 5178 1970 5230 τὰ

399 5275 494 5328 τοῦ
523 5276 722 5344 μέρους
748 5274 824 5343 τῷ
852 5273 979 5342 ὅλῳ,
1020 5273 1101 5324 ὅτι
1125 5274 1216 5325 καὶ
1246 5272 1409 5342 μέρος
1437 5272 1707 5341 χειμῶνος
1755 5270 1816 5322 16
1847 5271 1970 5340 ἑαρ,

399 5363 744 5432 καταμικρδν
800 5363 1084 5424 ἀνεθέντος
1148 5359 1240 5412 καὶ
1299 5360 1649 5427 λωφήσαντος
1723 5357 1972 5427 ὕστερον.

414 5455 568 5507 Ἐπεὶ
599 5454 708 5524 γάρ
731 5455 758 5505 6
785 5454 882 5522 μὲν
913 5452 1104 5521 χρόνος
1131 5452 1188 5504 ἐν
1220 5452 1380 5520 ἀϊδίῳ
1403 5452 1566 5521 φορᾷ,
1600 5451 1692 5512 τὰς
1741 5449 1788 5503 δ’
1820 5449 1973 5520 ῶρας

404 5543 562 5612 κοινῆ
591 5543 687 5612 μὲν
718 5543 920 5606 πάσας,
952 5543 1043 5593 καὶ
1072 5539 1318 5608 ἀλλήλων
1343 5540 1604 5610 ἐχομένας
1648 5540 1833 5602 ἀϊδίως
1877 5539 1973 5592 καὶ

402 5634 564 5696 αὑτὰς
626 5631 891 5684 κινεῖσθαι
958 5630 1271 5701 συμϐέϐηκε
1306 5647 1317 5659 ·
1358 5629 1516 5682 τοῦτο
1563 5629 1672 5700 γὰρ
1729 5629 1892 5685 πάλιν
1944 5632 1973 5683 6

2076 4455 2225 4524 θημα
2253 4455 2570 4520 δεδωκότες,
2593 4454 2724 4507 αὐτὸ
2744 4453 2904 4507 τοῦτο
2923 4453 2984 4506 16
3029 4453 3186 4521 γένος
3219 4451 3312 4504 καὶ
3364 4448 3647 4519 μονονουχὶ

2073 4545 2435 4614 κεκραγότες,
2457 4547 2534 4607 ὡς
2561 4537 2716 4605 οὗτος
2742 4545 2769 4596 6
2792 4544 2982 4613 καιρὸς
3014 4542 3132 4596 καθ’
3175 4541 3236 4594 δν
3266 4541 3348 4594 δεῖ
3384 4541 3482 4609 ζῇν
3522 4541 3663 4603 {ﬁv-

2073 4636 2197 4706 δρα,
2229 4636 2351 4690 καθ’
2378 4637 2438 4688 ὃν
2463 4635 2954 4704 ἀνδραγαθίζεσθαι
2985 4633 3107 4688 καθ’
3137 4633 3197 4687 ὃν
3247 4633 3496 4701 γενναῖον
3550 4631 3646 4682 καὶ

2075 4727 2391 4799 ἀρρενωπὸν
2411 4725 2501 4778 τὸν
2530 4725 2828 4795 ἄνθρωπον·
2868 4721 3029 4779 είναι.
3066 4725 3126 4778 El
3153 4724 3210 4777 δὲ
3239 4723 3332 4777 καὶ
3367 4721 3456 4774 τὸν
3505 4718 3646 4773 κατὰ

2073 4819 2134 4871 16
2159 4819 2358 4886 ἔτυμον
2406 4815 2889 4886 πολυπραγμονοίη
2921 4823 3019 4884 ιτις
3063 4814 3242 4882 λόγον,
3292 4812 3445 4866 οὐδὲν
3482 4806 3667 4884 ἧττον-

2074 4909 2171 4962 καὶ
2194 4905 2336 4960 οὕτω
2361 4907 2458 4974 τῆς
2484 4906 2691 4969 οἰκείας
2723 4905 3077 4970 ἐλαττώσεως
3121 4904 3221 4974 ἔαρ
3274 4903 3593 4972 αἰσθήσεται
3627 4915 3642 4933 ⁸

2073 4997 2364 5070 ἢδειξάτω
2398 5015 2480 5058 τις
2502 4995 2721 5066 παριὼν
2757 4997 2857 5067 μὲν
2896 4996 2994 5067 τήν
3047 4995 3273 5065 γνώμην
3325 4991 3665 5046 τανταλευόι

2076 5106 2260 5159 μενος,
2292 5088 2454 5141 πόθεν
2479 5088 2578 5158 ἔαρ
2609 5088 2825 5158 ἐτύμως
2850 5089 3173 5157 λεχθήσεται
3207 5101 3222 5117 ⁶
3246 5083 3342 5138 τοῦ
3372 5082 3659 5151 χειμῶνος.

2073 5184 2167 5235 καὶ
2219 5183 2360 5234 κατὰ
2400 5179 2558 5233 τοῦτο
2589 5179 2850 5249 πλείστης
2902 5179 3208 5249 ἠξιωμένου
3257 5174 3518 5243 σπουδῆς,
3555 5175 3644 5227 ἵνα

2075 5271 2168 5324 καὶ
2203 5272 2361 5340 μόνον
2398 5269 2691 5340 λεγόμενος
2720 5270 2858 5340 ὅπερ
2907 5270 3023 5323 ἐστὶ
3067 5269 3296 5337 παρέχοι
3334 5268 3495 5320 νοεῖν.
3547 5271 3643 5316 Δο-

2076 5361 2233 5415 κοῦσι
2253 5361 2313 5429 δή
2353 5376 2442 5429 μοι
2471 5359 2566 5411 καὶ
2605 5357 2894 5428 Ῥωμαίων
2925 5359 2973 5411 οἱ
3028 5358 3168 5410 κατά
3196 5357 3320 5418 τοὺς
3352 5354 3465 5409 ἀνω
3519 5353 3663 5423 χρό--

2077 5467 2219 5514 νους·
2249 5449 2298 5502 οἳ
2338 5449 2443 5500 τῶν
2475 5447 2595 5500 καθ’
2625 5447 2854 5510 ἑαυτούς
2888 5464 2947 5499 τε
2980 5447 3072 5500 καὶ
3101 5445 3293 5498 ἔπειτα
3317 5442 3642 5514 ἀνθρώπων,

2077 5538 2531 5609 περιφανέστατοί
2561 5553 2618 5589 τε
2669 5538 2927 5606 γεγόνασι
2963 5538 3055 5590 καὶ
3088 5535 3530 5604 ὀνομαστότατοι,
3567 5536 3642 5604 μὴ

2079 5628 2208 5684 ἄνευ
2241 5626 2534 5690 σπουδαίας
2560 5629 2654 5684 καὶ
2680 5629 2848 5700 σοφῆς
2883 5628 3204 5693 ἐπιστασίας
3231 5627 3329 5699 τὴν
3354 5629 3526 5700 ἀρχὴν
3547 5623 3662 5678 τοῦ
